Index,Date,ClockTime,RawTime,TraceSampID,BB1:INT,BB2:INT,BB3:INT,BB4:INT,BB5:INT,BB6:INT,BB7:INT,BB8:INT,BP1:LREAL,BP2:LREAL,BB13:INT
0,1970-01-01,11:47:32.18,42452179768370,,770,760,770,770,770,760,760,760,0,"4,891302",103
1,1970-01-01,11:47:32.28,42452279732375,,770,760,770,770,770,760,770,760,0,"4,891302",103
2,1970-01-01,11:47:32.38,42452379765465,,770,770,770,770,770,760,770,760,0,"4,891302",103
3,1970-01-01,11:47:32.48,42452479770840,,770,760,770,770,770,760,770,760,0,"4,891302",103
4,1970-01-01,11:47:32.58,42452579773215,,770,760,770,770,770,760,760,760,0,"4,891302",103
5,1970-01-01,11:47:32.68,42452679763650,,770,760,770,770,770,760,760,760,0,"4,891302",103
6,1970-01-01,11:47:32.78,42452779728325,,770,760,770,770,770,760,770,760,0,"4,891302",103
7,1970-01-01,11:47:32.88,42452879759540,,770,760,770,770,770,760,770,760,0,"4,891302",103
8,1970-01-01,11:47:32.98,42452979724270,,770,760,770,770,770,760,770,760,0,"4,891302",102
9,1970-01-01,11:47:33.08,42453079706640,,770,760,770,770,770,760,770,760,0,"4,891302",103
10,1970-01-01,11:47:33.18,42453179709195,,770,760,770,770,770,760,770,760,0,"4,891302",103
11,1970-01-01,11:47:33.28,42453279719345,,770,760,770,770,770,760,760,760,0,"4,891302",104
12,1970-01-01,11:47:33.38,42453379721270,,770,760,770,770,770,760,760,760,0,"4,891302",103
13,1970-01-01,11:47:33.48,42453479711065,,770,760,770,770,770,760,760,760,0,"4,891302",103
14,1970-01-01,11:47:33.58,42453579713365,,770,760,770,770,770,760,770,760,0,"4,891302",103
15,1970-01-01,11:47:33.68,42453679769460,,770,760,770,770,770,760,760,760,0,"4,891302",103
16,1970-01-01,11:47:33.78,42453779778005,,770,760,770,770,770,760,760,760,0,"4,891302",104
17,1970-01-01,11:47:33.88,42453879761885,,770,760,770,770,770,760,760,760,0,"4,891302",103
18,1970-01-01,11:47:33.98,42453979732170,,770,770,770,770,770,760,770,760,0,"4,891302",103
19,1970-01-01,11:47:34.08,42454079752540,,770,760,770,770,770,760,760,760,0,"4,891302",103
20,1970-01-01,11:47:34.18,42454179739735,,770,760,770,770,770,770,770,760,0,"4,891302",102
21,1970-01-01,11:47:34.28,42454279765090,,770,760,770,770,770,760,770,760,0,"4,891302",103
22,1970-01-01,11:47:34.38,42454379762805,,770,760,770,770,770,760,760,760,0,"4,891302",103
23,1970-01-01,11:47:34.48,42454479740855,,770,770,770,770,770,760,770,760,0,"4,891302",103
24,1970-01-01,11:47:34.58,42454579725965,,770,760,770,770,770,760,770,760,0,"4,891302",103
25,1970-01-01,11:47:34.68,42454679719770,,770,760,770,770,770,760,770,760,0,"4,891302",103
26,1970-01-01,11:47:34.78,42454779724090,,770,760,770,770,770,760,770,760,0,"4,891302",104
27,1970-01-01,11:47:34.88,42454879730960,,770,760,770,770,770,770,770,760,0,"4,891302",102
28,1970-01-01,11:47:34.98,42454979730295,,770,760,770,770,770,760,770,760,0,"4,891302",103
29,1970-01-01,11:47:35.08,42455079755170,,770,760,770,770,770,760,760,760,0,"4,891302",103
30,1970-01-01,11:47:35.18,42455179725770,,770,770,770,770,770,760,770,760,0,"4,891302",103
31,1970-01-01,11:47:35.28,42455279751430,,770,760,770,770,770,760,760,760,0,"4,891302",103
32,1970-01-01,11:47:35.38,42455379754380,,770,760,770,770,770,760,770,760,0,"4,891302",103
33,1970-01-01,11:47:35.48,42455479771215,,770,770,770,770,770,760,760,760,0,"4,891302",103
34,1970-01-01,11:47:35.58,42455579738815,,770,760,770,770,770,760,770,760,0,"4,891302",103
35,1970-01-01,11:47:35.68,42455679770635,,770,760,770,770,770,760,760,760,0,"4,891302",103
36,1970-01-01,11:47:35.78,42455779779500,,770,760,770,770,770,760,760,760,0,"4,891302",103
37,1970-01-01,11:47:35.88,42455879731220,,770,760,770,770,770,760,770,760,0,"4,891302",103
38,1970-01-01,11:47:35.98,42455979757600,,770,760,770,770,770,760,770,760,0,"4,891302",103
39,1970-01-01,11:47:36.08,42456079760005,,770,760,770,770,770,760,760,760,0,"4,891302",103
40,1970-01-01,11:47:36.18,42456179711400,,770,770,770,770,770,760,770,760,0,"4,891302",103
41,1970-01-01,11:47:36.28,42456279722405,,770,760,770,770,770,760,770,760,0,"4,891302",104
42,1970-01-01,11:47:36.38,42456379730295,,770,760,770,770,770,760,770,760,0,"4,891302",103
43,1970-01-01,11:47:36.48,42456479717025,,770,760,770,770,770,760,760,760,0,"4,891302",103
44,1970-01-01,11:47:36.58,42456579723045,,770,760,770,770,770,760,770,760,0,"4,891302",103
45,1970-01-01,11:47:36.68,42456679726225,,770,760,770,770,770,760,760,760,0,"4,891302",104
46,1970-01-01,11:47:36.78,42456779761520,,770,760,770,770,770,760,760,760,0,"4,891302",103
47,1970-01-01,11:47:36.88,42456879753870,,770,760,770,770,770,760,770,760,0,"4,891302",103
48,1970-01-01,11:47:36.98,42456979782820,,770,760,770,770,770,760,760,760,0,"4,891302",103
49,1970-01-01,11:47:37.08,42457079727105,,770,760,770,770,770,760,760,760,0,"4,891302",103
50,1970-01-01,11:47:37.18,42457179780245,,770,760,770,770,770,760,770,760,0,"4,891302",103
51,1970-01-01,11:47:37.28,42457279762840,,770,760,770,770,770,760,760,760,0,"4,891302",103
52,1970-01-01,11:47:37.38,42457379775675,,770,760,770,770,770,760,760,760,0,"4,891302",103
53,1970-01-01,11:47:37.48,42457479755900,,770,770,770,770,770,760,770,760,0,"4,891302",102
54,1970-01-01,11:47:37.58,42457579741630,,770,760,770,770,770,760,760,760,0,"4,891302",103
55,1970-01-01,11:47:37.68,42457679720245,,770,770,770,770,770,760,760,760,0,"4,891302",103
56,1970-01-01,11:47:37.78,42457779710380,,770,760,770,770,770,760,770,760,0,"4,891302",103
57,1970-01-01,11:47:37.88,42457879724430,,770,760,770,770,770,760,760,760,0,"4,891302",102
58,1970-01-01,11:47:37.98,42457979711565,,770,760,770,770,770,760,770,760,0,"4,891302",103
59,1970-01-01,11:47:38.08,42458079725400,,770,760,770,770,770,760,770,760,0,"4,891302",103
60,1970-01-01,11:47:38.18,42458179717690,,770,760,770,770,770,760,760,760,0,"4,891302",103
61,1970-01-01,11:47:38.28,42458279737730,,770,760,770,770,770,760,770,760,0,"4,891302",103
62,1970-01-01,11:47:38.38,42458379762485,,770,760,770,770,770,760,760,760,0,"4,891302",103
63,1970-01-01,11:47:38.48,42458479738620,,770,760,770,770,770,760,760,760,0,"4,891302",102
64,1970-01-01,11:47:38.58,42458579771225,,770,760,770,770,770,760,770,760,0,"4,891302",103
65,1970-01-01,11:47:38.68,42458679770595,,770,760,770,770,770,760,760,760,0,"4,891302",102
66,1970-01-01,11:47:38.78,42458779762415,,770,760,770,770,770,760,770,760,0,"4,891302",102
67,1970-01-01,11:47:38.88,42458879727245,,770,760,770,770,770,760,770,760,0,"4,891302",103
68,1970-01-01,11:47:38.98,42458979768535,,770,760,770,770,770,760,770,760,0,"4,891302",103
69,1970-01-01,11:47:39.08,42459079723685,,770,770,770,770,770,760,760,760,0,"4,891302",103
70,1970-01-01,11:47:39.18,42459179710440,,770,760,770,770,770,760,760,760,0,"4,891302",103
71,1970-01-01,11:47:39.28,42459279713060,,770,760,770,770,770,760,770,760,0,"4,891302",103
72,1970-01-01,11:47:39.38,42459379709430,,770,770,770,770,770,760,760,760,0,"4,891302",103
73,1970-01-01,11:47:39.48,42459479719425,,770,760,770,770,770,760,760,760,0,"4,891302",103
74,1970-01-01,11:47:39.58,42459579715000,,770,760,770,770,770,760,760,760,0,"4,891302",103
75,1970-01-01,11:47:39.68,42459679729110,,770,760,770,770,770,760,760,760,0,"4,891302",103
76,1970-01-01,11:47:39.78,42459779735840,,770,760,770,770,770,760,760,760,0,"4,891302",103
77,1970-01-01,11:47:39.88,42459879767770,,770,760,770,770,770,760,760,760,0,"4,891302",103
78,1970-01-01,11:47:39.98,42459979726765,,770,760,770,770,770,760,760,760,0,"4,891302",103
79,1970-01-01,11:47:40.08,42460079770220,,770,760,770,770,770,760,760,760,0,"4,891302",103
80,1970-01-01,11:47:40.18,42460179772345,,770,760,770,770,770,760,760,760,0,"4,891302",103
81,1970-01-01,11:47:40.28,42460279730145,,770,760,770,770,770,760,760,760,0,"4,891302",103
82,1970-01-01,11:47:40.38,42460379765945,,770,760,770,770,770,760,760,760,0,"4,891302",103
83,1970-01-01,11:47:40.48,42460479761160,,770,760,770,770,770,760,760,760,0,"4,891302",103
84,1970-01-01,11:47:40.58,42460579748220,,770,760,770,770,770,760,760,760,0,"4,891302",102
85,1970-01-01,11:47:40.68,42460679729935,,770,760,770,770,770,760,770,760,0,"4,891302",103
86,1970-01-01,11:47:40.78,42460779724850,,770,760,770,770,770,760,770,760,0,"4,891302",103
87,1970-01-01,11:47:40.88,42460879715070,,770,760,770,770,770,760,760,760,0,"4,891302",104
88,1970-01-01,11:47:40.98,42460979714060,,770,760,770,770,770,760,770,760,0,"4,891302",103
89,1970-01-01,11:47:41.08,42461079725040,,770,760,770,770,770,760,760,760,0,"4,891302",103
90,1970-01-01,11:47:41.18,42461179754665,,770,760,770,770,770,760,770,760,0,"4,891302",103
91,1970-01-01,11:47:41.28,42461279763145,,770,770,770,770,770,760,760,760,0,"4,891302",103
92,1970-01-01,11:47:41.38,42461379733655,,770,760,770,770,770,760,770,760,0,"4,891302",103
93,1970-01-01,11:47:41.48,42461479777045,,770,760,770,770,770,760,770,760,0,"4,891302",103
94,1970-01-01,11:47:41.58,42461579757940,,770,760,770,770,770,760,760,760,0,"4,891302",103
95,1970-01-01,11:47:41.68,42461679724040,,770,760,770,770,770,770,760,760,0,"4,891302",102
96,1970-01-01,11:47:41.78,42461779772090,,770,760,770,770,770,760,760,760,0,"4,891302",103
97,1970-01-01,11:47:41.88,42461879744290,,770,760,770,770,770,760,760,760,0,"4,891302",103
98,1970-01-01,11:47:41.98,42461979767620,,770,760,770,770,770,760,770,760,0,"4,891302",104
99,1970-01-01,11:47:42.08,42462079767620,,770,760,770,770,770,760,770,760,0,"4,891302",103
100,1970-01-01,11:47:42.18,42462179770130,,770,760,770,770,770,760,770,760,0,"4,891302",104
101,1970-01-01,11:47:42.28,42462279725205,,770,760,770,770,770,760,770,760,0,"4,891302",103
102,1970-01-01,11:47:42.38,42462379712915,,770,760,770,770,770,760,760,760,0,"4,891302",102
103,1970-01-01,11:47:42.48,42462479713095,,770,760,770,770,770,760,770,760,0,"4,891302",102
104,1970-01-01,11:47:42.58,42462579735175,,770,760,770,770,770,760,760,760,0,"4,891302",103
105,1970-01-01,11:47:42.68,42462679723775,,770,760,770,770,770,760,760,760,0,"4,891302",103
106,1970-01-01,11:47:42.78,42462779725810,,770,760,770,770,770,770,760,760,0,"4,891302",103
107,1970-01-01,11:47:42.88,42462879728355,,770,760,770,770,770,770,770,760,0,"4,891302",103
108,1970-01-01,11:47:42.98,42462979762830,,770,760,770,770,770,760,760,760,0,"4,891302",104
109,1970-01-01,11:47:43.08,42463079754840,,770,760,770,770,770,760,760,760,0,"4,891302",103
110,1970-01-01,11:47:43.18,42463179760885,,770,760,770,770,770,760,760,760,0,"4,891302",102
111,1970-01-01,11:47:43.28,42463279765125,,770,760,770,770,770,760,770,760,"0,815217","4,891302",103
112,1970-01-01,11:47:43.38,42463379726525,,770,760,770,770,770,760,770,760,0,"4,891302",103
113,1970-01-01,11:47:43.48,42463479773745,,770,760,770,770,770,760,760,760,0,"4,891302",102
114,1970-01-01,11:47:43.58,42463579765165,,770,760,770,770,770,760,760,760,0,"4,891302",103
115,1970-01-01,11:47:43.68,42463679732880,,770,760,770,770,770,760,770,760,0,"4,891302",103
116,1970-01-01,11:47:43.78,42463779706390,,770,760,770,770,770,760,770,760,0,"4,891302",103
117,1970-01-01,11:47:43.88,42463879724570,,770,760,770,770,770,760,770,760,0,"4,891302",103
118,1970-01-01,11:47:43.98,42463979707870,,770,760,770,770,770,760,760,760,0,"4,891302",103
119,1970-01-01,11:47:44.08,42464079707635,,770,760,770,770,770,760,760,760,0,"4,891302",102
120,1970-01-01,11:47:44.18,42464179764980,,770,760,770,770,770,760,760,760,0,"4,891302",102
121,1970-01-01,11:47:44.28,42464279709510,,770,760,770,770,770,760,770,760,0,"4,891302",103
122,1970-01-01,11:47:44.38,42464379720225,,770,760,770,770,770,760,770,760,0,"4,891302",103
123,1970-01-01,11:47:44.48,42464479756145,,770,760,770,770,770,760,770,760,0,"4,891302",103
124,1970-01-01,11:47:44.58,42464579768625,,770,760,770,770,770,760,770,760,0,"4,891302",103
125,1970-01-01,11:47:44.68,42464679724615,,770,760,770,770,770,760,770,760,0,"4,891302",103
126,1970-01-01,11:47:44.78,42464779729800,,770,760,770,770,770,760,760,760,0,"4,891302",104
127,1970-01-01,11:47:44.88,42464879760995,,770,760,770,770,770,760,760,760,0,"4,891302",104
128,1970-01-01,11:47:44.98,42464979717260,,770,760,770,770,770,760,760,760,0,"4,891302",103
129,1970-01-01,11:47:45.08,42465079774130,,770,760,770,770,770,760,760,760,0,"4,891302",103
130,1970-01-01,11:47:45.18,42465179752700,,770,760,770,770,770,760,770,760,0,"4,891302",103
131,1970-01-01,11:47:45.28,42465279761965,,770,760,770,770,770,760,760,760,0,"4,891302",103
132,1970-01-01,11:47:45.38,42465379704560,,770,760,770,770,770,760,770,760,0,"4,891302",103
133,1970-01-01,11:47:45.48,42465479709230,,770,760,770,770,770,760,770,760,0,"4,891302",103
134,1970-01-01,11:47:45.58,42465579712145,,770,760,770,770,770,760,770,760,0,"4,891302",102
135,1970-01-01,11:47:45.68,42465679718550,,770,770,770,770,770,760,770,760,0,"4,891302",103
136,1970-01-01,11:47:45.78,42465779718200,,770,760,770,770,770,760,770,760,0,"4,891302",103
137,1970-01-01,11:47:45.88,42465879753270,,770,770,770,770,770,760,770,760,0,"4,891302",103
138,1970-01-01,11:47:45.98,42465979766565,,770,760,770,770,770,760,760,760,0,"4,891302",103
139,1970-01-01,11:47:46.08,42466079744280,,770,760,770,770,770,760,770,760,0,"4,891302",104
140,1970-01-01,11:47:46.18,42466179780645,,770,760,770,770,770,760,770,760,0,"4,891302",103
141,1970-01-01,11:47:46.28,42466279736625,,770,760,770,770,770,760,760,760,0,"4,891302",103
142,1970-01-01,11:47:46.38,42466379769090,,770,760,770,770,770,760,760,760,0,"4,891302",103
143,1970-01-01,11:47:46.48,42466479741850,,770,760,770,770,770,760,760,760,0,"4,891302",102
144,1970-01-01,11:47:46.58,42466579769310,,770,760,770,770,770,760,770,760,0,"4,891302",103
145,1970-01-01,11:47:46.68,42466679808755,,770,760,770,770,770,760,760,760,0,"4,891302",103
146,1970-01-01,11:47:46.78,42466779734705,,770,760,770,770,770,760,770,760,0,"4,891302",103
147,1970-01-01,11:47:46.88,42466879798910,,770,770,770,770,770,760,770,760,0,"4,891302",103
148,1970-01-01,11:47:46.98,42466979734800,,770,760,770,770,770,760,770,760,0,"4,891302",104
149,1970-01-01,11:47:47.08,42467079731950,,770,760,770,770,770,760,770,760,0,"4,891302",103
150,1970-01-01,11:47:47.18,42467179732700,,770,760,770,770,770,760,770,760,0,"4,891302",104
151,1970-01-01,11:47:47.28,42467279740685,,770,760,770,770,770,760,760,760,0,"4,891302",103
152,1970-01-01,11:47:47.38,42467379763155,,770,760,770,770,770,760,770,760,0,"4,891302",103
153,1970-01-01,11:47:47.48,42467479784385,,770,760,770,770,770,760,760,760,0,"4,891302",102
154,1970-01-01,11:47:47.58,42467579793130,,770,760,770,770,770,760,770,760,0,"4,891302",103
155,1970-01-01,11:47:47.68,42467679742975,,770,760,770,770,770,760,760,760,0,"4,891302",102
156,1970-01-01,11:47:47.78,42467779784685,,770,760,770,770,770,770,770,760,0,"4,891302",103
157,1970-01-01,11:47:47.88,42467879794630,,770,760,770,770,770,760,760,760,0,"4,891302",102
158,1970-01-01,11:47:47.98,42467979743595,,770,760,770,770,770,760,760,760,0,"4,891302",103
159,1970-01-01,11:47:48.08,42468079784600,,770,770,770,770,770,760,770,760,0,"4,891302",104
160,1970-01-01,11:47:48.18,42468179807075,,770,760,770,770,770,760,770,760,0,"4,891302",102
161,1970-01-01,11:47:48.28,42468279733330,,770,760,770,770,770,760,770,760,0,"4,891302",103
162,1970-01-01,11:47:48.38,42468379727740,,770,760,770,770,770,760,770,760,0,"4,891302",102
163,1970-01-01,11:47:48.48,42468479729280,,770,760,770,770,770,760,760,760,0,"4,891302",103
164,1970-01-01,11:47:48.58,42468579723940,,770,760,770,770,770,760,760,760,0,"4,891302",103
165,1970-01-01,11:47:48.68,42468679729195,,770,760,770,770,770,760,770,760,0,"4,891302",102
166,1970-01-01,11:47:48.78,42468779780710,,770,760,770,770,770,760,770,760,0,"4,891302",103
167,1970-01-01,11:47:48.88,42468879784145,,770,760,770,770,770,760,760,760,0,"4,891302",103
168,1970-01-01,11:47:48.98,42468979727910,,770,760,770,770,770,760,770,760,0,"4,891302",103
169,1970-01-01,11:47:49.08,42469079773575,,770,760,770,770,770,760,770,760,0,"4,891302",103
170,1970-01-01,11:47:49.18,42469179765760,,770,760,770,770,770,760,770,760,0,"4,891302",103
171,1970-01-01,11:47:49.28,42469279714885,,770,760,770,770,770,760,770,760,0,"4,891302",103
172,1970-01-01,11:47:49.38,42469379769040,,770,760,770,770,770,760,760,760,0,"4,891302",103
173,1970-01-01,11:47:49.48,42469479779265,,770,760,770,770,770,760,770,760,0,"4,891302",102
174,1970-01-01,11:47:49.58,42469579772010,,770,760,770,770,770,760,760,760,0,"4,891302",103
175,1970-01-01,11:47:49.68,42469679748195,,770,760,770,770,770,760,760,760,0,"4,891302",103
176,1970-01-01,11:47:49.78,42469779740760,,770,760,770,770,770,760,770,760,0,"4,891302",103
177,1970-01-01,11:47:49.88,42469879722755,,770,760,770,770,770,760,770,760,0,"4,891302",102
178,1970-01-01,11:47:49.98,42469979724185,,770,760,770,770,770,770,770,760,0,"4,891302",103
179,1970-01-01,11:47:50.08,42470079713520,,770,760,770,770,770,760,760,760,0,"4,891302",103
180,1970-01-01,11:47:50.18,42470179732410,,770,760,770,770,770,760,760,760,0,"4,891302",103
181,1970-01-01,11:47:50.28,42470279713140,,770,760,770,770,770,760,760,760,0,"4,891302",103
182,1970-01-01,11:47:50.38,42470379708480,,770,760,770,770,770,770,770,760,0,"4,891302",103
183,1970-01-01,11:47:50.48,42470479801315,,770,760,770,770,770,760,770,760,0,"4,891302",104
184,1970-01-01,11:47:50.58,42470579755520,,770,760,770,770,770,760,770,760,0,"4,891302",103
185,1970-01-01,11:47:50.68,42470679773330,,770,760,770,770,770,760,770,760,0,"4,891302",103
186,1970-01-01,11:47:50.78,42470779746440,,770,760,770,770,770,760,760,760,0,"4,891302",103
187,1970-01-01,11:47:50.88,42470879724330,,770,770,770,770,770,760,760,760,0,"4,891302",103
188,1970-01-01,11:47:50.98,42470979762800,,770,760,770,770,770,760,770,760,0,"4,891302",103
189,1970-01-01,11:47:51.08,42471079753845,,770,760,770,770,770,760,770,760,0,"4,891302",104
190,1970-01-01,11:47:51.18,42471179747900,,770,760,770,770,770,760,760,760,0,"4,891302",103
191,1970-01-01,11:47:51.28,42471279723340,,770,760,770,770,770,760,770,760,0,"4,891302",103
192,1970-01-01,11:47:51.38,42471379711450,,770,760,770,770,770,760,770,760,0,"4,891302",103
193,1970-01-01,11:47:51.48,42471479711960,,770,760,770,770,770,760,760,760,0,"4,891302",102
194,1970-01-01,11:47:51.58,42471579707665,,770,760,770,770,770,760,770,760,0,"4,891302",102
195,1970-01-01,11:47:51.68,42471679712125,,770,760,770,770,770,760,770,760,0,"4,891302",103
196,1970-01-01,11:47:51.78,42471779710860,,770,760,770,770,770,760,770,760,0,"4,891302",103
197,1970-01-01,11:47:51.88,42471879709025,,770,760,770,770,770,760,760,760,0,"4,891302",103
198,1970-01-01,11:47:51.98,42471979713120,,770,760,770,770,770,760,770,760,0,"4,891302",103
199,1970-01-01,11:47:52.08,42472079777160,,770,760,770,770,770,760,770,760,0,"4,891302",103
200,1970-01-01,11:47:52.18,42472179715340,,770,760,770,770,770,760,770,760,0,"4,891302",103
201,1970-01-01,11:47:52.28,42472279764290,,770,760,770,770,770,760,770,760,0,"4,891302",103
202,1970-01-01,11:47:52.38,42472379760610,,770,760,770,770,770,760,770,760,0,"4,891302",103
203,1970-01-01,11:47:52.48,42472479779495,,770,760,770,770,770,760,770,760,0,"4,891302",103
204,1970-01-01,11:47:52.58,42472579720545,,770,760,770,770,770,760,770,760,0,"4,891302",103
205,1970-01-01,11:47:52.68,42472679767600,,770,760,770,770,770,760,770,760,0,"4,891302",102
206,1970-01-01,11:47:52.78,42472779716575,,770,760,770,770,770,760,770,760,0,"4,891302",103
207,1970-01-01,11:47:52.88,42472879769270,,770,760,770,770,770,760,770,760,0,"4,891302",103
208,1970-01-01,11:47:52.98,42472979709680,,770,760,770,770,770,760,770,760,0,"4,891302",103
209,1970-01-01,11:47:53.08,42473079732120,,770,760,770,770,770,760,770,760,0,"4,891302",104
210,1970-01-01,11:47:53.18,42473179717830,,770,760,770,770,770,760,770,760,0,"4,891302",103
211,1970-01-01,11:47:53.28,42473279772610,,770,760,770,770,770,760,760,760,0,"4,891302",103
212,1970-01-01,11:47:53.38,42473379711020,,770,760,770,770,770,760,770,760,0,"4,891302",103
213,1970-01-01,11:47:53.48,42473479781755,,770,760,770,770,770,760,770,760,0,"4,891302",103
214,1970-01-01,11:47:53.58,42473579717785,,770,760,770,770,770,760,770,760,0,"4,891302",103
215,1970-01-01,11:47:53.68,42473679766745,,770,760,770,770,770,760,770,760,"0,815217","4,891302",103
216,1970-01-01,11:47:53.78,42473779764195,,770,760,770,770,770,760,770,760,0,"4,891302",103
217,1970-01-01,11:47:53.88,42473879724185,,770,760,770,770,770,760,770,760,0,"4,891302",103
218,1970-01-01,11:47:53.98,42473979771410,,770,760,770,770,770,760,770,760,0,"4,891302",103
219,1970-01-01,11:47:54.08,42474079760755,,770,760,770,770,770,760,770,760,0,"4,891302",103
220,1970-01-01,11:47:54.18,42474179718960,,770,760,770,770,770,760,770,760,0,"4,891302",103
221,1970-01-01,11:47:54.28,42474279765450,,770,760,770,770,770,760,770,760,0,"4,891302",103
222,1970-01-01,11:47:54.38,42474379778875,,770,760,770,770,770,760,770,760,0,"4,891302",103
223,1970-01-01,11:47:54.48,42474479713130,,770,760,770,770,770,760,760,760,0,"4,891302",103
224,1970-01-01,11:47:54.58,42474579792775,,770,760,770,770,770,760,770,760,0,"4,891302",103
225,1970-01-01,11:47:54.68,42474679711320,,770,760,770,770,770,760,770,760,0,"4,891302",104
226,1970-01-01,11:47:54.78,42474779716530,,770,760,770,770,770,760,760,760,0,"4,891302",103
227,1970-01-01,11:47:54.88,42474879718755,,770,760,770,770,770,760,770,760,0,"4,891302",103
228,1970-01-01,11:47:54.98,42474979725485,,770,760,770,770,770,770,770,760,0,"4,891302",103
229,1970-01-01,11:47:55.08,42475079784220,,770,760,770,770,770,760,770,760,0,"4,891302",103
230,1970-01-01,11:47:55.18,42475179735510,,770,760,770,770,770,760,770,760,0,"4,891302",103
231,1970-01-01,11:47:55.28,42475279767060,,770,760,770,770,770,760,770,760,0,"4,891302",103
232,1970-01-01,11:47:55.38,42475379754275,,770,760,770,770,770,770,770,760,0,"4,891302",104
233,1970-01-01,11:47:55.48,42475479744535,,770,760,770,770,770,770,770,760,0,"4,891302",103
234,1970-01-01,11:47:55.58,42475579765885,,770,760,770,770,770,770,770,760,0,"4,891302",103
235,1970-01-01,11:47:55.68,42475679732815,,770,760,770,770,770,760,770,760,0,"4,891302",103
236,1970-01-01,11:47:55.78,42475779766590,,770,760,770,770,770,760,770,760,0,"4,891302",103
237,1970-01-01,11:47:55.88,42475879766340,,770,760,770,770,770,760,770,760,0,"4,891302",102
238,1970-01-01,11:47:55.98,42475979714680,,770,760,770,770,770,760,770,760,0,"4,891302",103
239,1970-01-01,11:47:56.08,42476079762325,,770,760,770,770,770,760,770,760,0,"4,891302",103
240,1970-01-01,11:47:56.18,42476179717185,,770,760,770,770,770,760,770,760,0,"4,891302",103
241,1970-01-01,11:47:56.28,42476279711230,,770,760,770,770,770,760,770,760,0,"4,891302",103
242,1970-01-01,11:47:56.38,42476379715045,,770,760,770,770,770,760,770,760,0,"4,891302",102
243,1970-01-01,11:47:56.48,42476479713420,,770,760,770,770,770,760,770,760,0,"4,891302",103
244,1970-01-01,11:47:56.58,42476579764865,,770,760,770,770,770,760,770,760,0,"4,891302",103
245,1970-01-01,11:47:56.68,42476679774685,,770,760,770,770,770,760,770,760,0,"4,891302",103
246,1970-01-01,11:47:56.78,42476779725220,,770,760,770,770,770,760,770,760,0,"4,891302",103
247,1970-01-01,11:47:56.88,42476879761790,,770,760,770,770,770,760,770,760,0,"4,891302",103
248,1970-01-01,11:47:56.98,42476979771535,,770,760,770,770,770,760,770,760,0,"4,891302",103
249,1970-01-01,11:47:57.08,42477079785220,,770,760,770,770,770,760,770,760,0,"4,891302",103
250,1970-01-01,11:47:57.18,42477179761655,,770,760,770,770,770,760,770,760,0,"4,891302",103
251,1970-01-01,11:47:57.28,42477279782925,,770,760,770,770,770,760,770,760,0,"4,891302",103
252,1970-01-01,11:47:57.38,42477379724455,,770,760,770,770,770,760,770,760,0,"4,891302",103
253,1970-01-01,11:47:57.48,42477479735475,,770,760,770,770,770,760,770,760,0,"4,891302",103
254,1970-01-01,11:47:57.58,42477579715635,,770,760,770,770,770,770,770,760,0,"4,891302",103
255,1970-01-01,11:47:57.68,42477679711915,,770,760,770,770,770,760,770,760,0,"4,891302",103
256,1970-01-01,11:47:57.78,42477779717935,,770,760,770,770,770,760,770,760,0,"4,891302",104
257,1970-01-01,11:47:57.88,42477879705165,,770,760,770,770,770,760,770,760,0,"4,891302",103
258,1970-01-01,11:47:57.98,42477979712635,,770,770,770,770,770,770,770,760,0,"4,891302",103
259,1970-01-01,11:47:58.08,42478079738030,,770,760,770,770,770,760,770,760,0,"4,891302",103
260,1970-01-01,11:47:58.18,42478179781195,,770,760,770,770,770,760,770,760,0,"4,891302",103
261,1970-01-01,11:47:58.28,42478279731845,,770,760,770,770,770,760,770,760,0,"4,891302",103
262,1970-01-01,11:47:58.38,42478379772405,,770,760,770,770,770,760,770,760,0,"4,891302",103
263,1970-01-01,11:47:58.48,42478479727665,,770,760,770,770,770,760,770,760,0,"4,891302",103
264,1970-01-01,11:47:58.58,42478579759930,,770,760,770,770,770,760,770,760,0,"4,891302",103
265,1970-01-01,11:47:58.68,42478679773025,,770,760,770,770,770,760,770,760,0,"4,891302",103
266,1970-01-01,11:47:58.78,42478779734610,,770,760,770,770,770,760,770,760,0,"4,891302",103
267,1970-01-01,11:47:58.88,42478879774300,,770,760,770,770,770,760,770,760,0,"4,891302",103
268,1970-01-01,11:47:58.98,42478979778075,,770,760,770,770,770,760,760,760,0,"4,891302",103
269,1970-01-01,11:47:59.08,42479079714865,,770,760,770,770,770,770,770,760,0,"4,891302",103
270,1970-01-01,11:47:59.18,42479179713265,,770,770,770,770,770,760,770,760,0,"4,891302",102
271,1970-01-01,11:47:59.28,42479279710760,,770,760,770,770,770,770,770,760,0,"4,891302",103
272,1970-01-01,11:47:59.38,42479379712900,,770,770,770,770,770,770,770,760,0,"4,891302",103
273,1970-01-01,11:47:59.48,42479479723560,,770,760,770,770,770,760,770,760,0,"4,891302",103
274,1970-01-01,11:47:59.58,42479579768285,,770,760,770,770,770,760,770,760,0,"4,891302",104
275,1970-01-01,11:47:59.68,42479679780415,,770,760,770,770,770,760,770,760,0,"4,891302",103
276,1970-01-01,11:47:59.78,42479779720590,,770,760,770,770,770,760,770,760,0,"4,891302",102
277,1970-01-01,11:47:59.88,42479879782430,,770,760,770,770,770,760,770,760,0,"4,891302",103
278,1970-01-01,11:47:59.98,42479979761865,,770,770,770,770,770,760,770,760,0,"4,891302",102
279,1970-01-01,11:48:00.08,42480079720575,,770,770,770,770,770,760,770,760,0,"4,891302",103
280,1970-01-01,11:48:00.18,42480179761695,,770,760,770,770,770,770,770,760,0,"4,891302",103
281,1970-01-01,11:48:00.28,42480279748700,,770,760,770,770,770,770,770,760,0,"4,891302",103
282,1970-01-01,11:48:00.38,42480379722770,,770,760,770,770,770,760,770,760,0,"4,891302",103
283,1970-01-01,11:48:00.48,42480479753530,,770,770,770,770,770,760,770,760,0,"4,891302",104
284,1970-01-01,11:48:00.58,42480579713380,,770,760,770,770,770,760,770,760,0,"4,891302",103
285,1970-01-01,11:48:00.68,42480679709710,,770,760,770,770,770,770,770,760,0,"4,891302",103
286,1970-01-01,11:48:00.78,42480779712695,,770,760,770,770,770,760,770,760,0,"4,891302",103
287,1970-01-01,11:48:00.88,42480879712945,,770,760,770,770,770,760,770,760,0,"4,891302",103
288,1970-01-01,11:48:00.98,42480979719780,,770,760,770,770,770,760,770,760,0,"4,891302",103
289,1970-01-01,11:48:01.08,42481079720940,,770,760,770,770,770,760,770,760,0,"4,891302",103
290,1970-01-01,11:48:01.18,42481179739255,,770,770,770,770,770,760,770,760,0,"4,891302",104
291,1970-01-01,11:48:01.28,42481279761010,,770,760,770,770,770,760,770,760,0,"4,891302",103
292,1970-01-01,11:48:01.38,42481379729495,,770,760,770,770,770,760,770,760,0,"4,891302",103
293,1970-01-01,11:48:01.48,42481479761455,,770,760,770,770,770,760,770,760,0,"4,891302",103
294,1970-01-01,11:48:01.58,42481579748515,,770,760,770,770,770,760,770,760,0,"4,891302",103
295,1970-01-01,11:48:01.68,42481679715885,,770,760,770,770,770,760,770,760,0,"4,891302",104
296,1970-01-01,11:48:01.78,42481779759175,,770,770,770,770,770,760,770,760,0,"4,891302",103
297,1970-01-01,11:48:01.88,42481879756690,,770,760,770,770,770,760,770,760,0,"4,891302",103
298,1970-01-01,11:48:01.98,42481979743445,,770,760,770,770,770,760,760,760,0,"4,891302",103
299,1970-01-01,11:48:02.08,42482079713665,,770,760,770,770,770,760,770,760,0,"4,891302",103
300,1970-01-01,11:48:02.18,42482179711110,,770,760,770,770,770,760,760,760,0,"4,891302",103
301,1970-01-01,11:48:02.28,42482279707140,,770,760,770,770,770,770,770,760,0,"4,891302",102
302,1970-01-01,11:48:02.38,42482379711430,,770,760,770,770,770,760,770,760,0,"4,891302",103
303,1970-01-01,11:48:02.48,42482479718535,,770,770,770,770,770,770,770,760,0,"4,891302",102
304,1970-01-01,11:48:02.58,42482579727635,,770,760,770,770,770,770,770,760,0,"4,891302",103
305,1970-01-01,11:48:02.68,42482679717060,,770,760,770,770,770,760,770,760,0,"4,891302",102
306,1970-01-01,11:48:02.78,42482779769385,,770,760,770,770,770,760,760,760,0,"4,891302",103
307,1970-01-01,11:48:02.88,42482879730045,,770,760,770,770,770,760,770,760,0,"4,891302",103
308,1970-01-01,11:48:02.98,42482979760025,,770,760,770,770,770,760,760,760,0,"4,891302",103
309,1970-01-01,11:48:03.08,42483079725125,,770,760,770,770,770,760,770,760,0,"4,891302",103
310,1970-01-01,11:48:03.18,42483179759590,,770,770,770,770,770,760,770,760,0,"4,891302",103
311,1970-01-01,11:48:03.28,42483279760720,,770,760,770,770,770,760,770,760,0,"4,891302",103
312,1970-01-01,11:48:03.38,42483379751895,,770,760,770,770,770,760,770,760,0,"4,891302",103
313,1970-01-01,11:48:03.48,42483479730300,,770,760,770,770,770,760,770,760,0,"4,891302",103
314,1970-01-01,11:48:03.58,42483579744320,,770,760,770,770,770,760,770,760,0,"4,891302",103
315,1970-01-01,11:48:03.68,42483679730110,,770,760,770,770,770,760,770,760,0,"4,891302",103
316,1970-01-01,11:48:03.78,42483779723325,,770,760,770,770,770,770,770,760,0,"4,891302",103
317,1970-01-01,11:48:03.88,42483879726475,,770,760,770,770,770,760,760,760,0,"4,891302",103
318,1970-01-01,11:48:03.98,42483979720705,,770,760,770,770,770,760,770,760,0,"4,891302",103
319,1970-01-01,11:48:04.08,42484079732565,,770,760,770,770,770,770,760,760,0,"4,891302",103
320,1970-01-01,11:48:04.18,42484179776400,,770,760,770,770,770,760,770,760,0,"4,891302",103
321,1970-01-01,11:48:04.28,42484279727370,,770,760,770,770,770,760,770,760,0,"4,891302",104
322,1970-01-01,11:48:04.38,42484379768130,,770,760,770,770,770,760,760,760,0,"4,891302",103
323,1970-01-01,11:48:04.48,42484479753985,,770,760,770,770,770,760,770,760,0,"4,891302",103
324,1970-01-01,11:48:04.58,42484579738190,,770,760,770,770,770,770,770,760,0,"4,891302",103
325,1970-01-01,11:48:04.68,42484679764745,,770,760,770,770,770,760,770,760,0,"4,891302",103
326,1970-01-01,11:48:04.78,42484779766455,,770,760,770,770,770,760,770,760,0,"4,891302",103
327,1970-01-01,11:48:04.88,42484879739270,,770,760,770,770,770,760,770,760,0,"4,891302",102
328,1970-01-01,11:48:04.98,42484979767515,,770,760,770,770,770,760,770,760,0,"4,891302",103
329,1970-01-01,11:48:05.08,42485079774430,,770,760,770,770,770,760,770,760,0,"4,891302",102
330,1970-01-01,11:48:05.18,42485179736310,,770,760,770,770,770,760,770,760,0,"4,891302",103
331,1970-01-01,11:48:05.28,42485279719590,,770,770,770,770,770,760,770,760,0,"4,891302",103
332,1970-01-01,11:48:05.38,42485379732870,,770,760,770,770,770,760,760,760,0,"4,891302",103
333,1970-01-01,11:48:05.48,42485479723665,,770,770,770,770,770,760,760,760,0,"4,891302",103
334,1970-01-01,11:48:05.58,42485579718055,,770,760,770,770,770,760,760,760,0,"4,891302",103
335,1970-01-01,11:48:05.68,42485679721175,,770,760,770,770,770,760,770,760,0,"4,891302",103
336,1970-01-01,11:48:05.78,42485779788620,,770,760,770,770,770,760,760,760,0,"4,891302",103
337,1970-01-01,11:48:05.88,42485879751220,,770,760,770,770,770,760,770,760,0,"4,891302",103
338,1970-01-01,11:48:05.98,42485979765615,,770,760,770,770,770,760,770,760,0,"4,891302",103
339,1970-01-01,11:48:06.08,42486079723160,,770,760,770,770,770,760,770,760,0,"4,891302",103
340,1970-01-01,11:48:06.18,42486179773700,,770,760,770,770,770,760,770,760,0,"4,891302",103
341,1970-01-01,11:48:06.28,42486279771780,,770,760,770,770,770,760,770,760,0,"4,891302",103
342,1970-01-01,11:48:06.38,42486379766370,,770,770,770,770,770,760,770,760,0,"4,891302",103
343,1970-01-01,11:48:06.48,42486479723330,,770,770,770,770,770,760,770,760,0,"4,891302",103
344,1970-01-01,11:48:06.58,42486579758010,,770,770,770,770,770,760,760,760,0,"4,891302",103
345,1970-01-01,11:48:06.68,42486679724590,,770,760,770,770,770,760,770,760,0,"4,891302",103
346,1970-01-01,11:48:06.78,42486779753440,,770,760,770,770,770,770,770,760,0,"4,891302",103
347,1970-01-01,11:48:06.88,42486879733465,,770,770,770,770,770,760,760,760,0,"4,891302",103
348,1970-01-01,11:48:06.98,42486979779100,,770,760,770,770,770,760,770,760,0,"4,891302",102
349,1970-01-01,11:48:07.08,42487079720350,,770,760,770,770,770,760,770,760,0,"4,891302",102
350,1970-01-01,11:48:07.18,42487179722475,,770,760,770,770,770,760,770,760,0,"4,891302",103
351,1970-01-01,11:48:07.28,42487279776935,,770,760,770,770,770,760,770,760,0,"4,891302",103
352,1970-01-01,11:48:07.38,42487379734465,,770,760,770,770,770,760,760,760,0,"4,891302",103
353,1970-01-01,11:48:07.48,42487479779065,,770,760,770,770,770,760,770,760,0,"4,891302",104
354,1970-01-01,11:48:07.58,42487579778505,,770,760,770,770,770,760,770,760,0,"4,891302",103
355,1970-01-01,11:48:07.68,42487679732065,,770,770,770,770,770,760,770,760,0,"4,891302",104
356,1970-01-01,11:48:07.78,42487779782100,,770,760,770,770,770,760,770,760,0,"4,891302",104
357,1970-01-01,11:48:07.88,42487879793190,,770,760,770,770,770,760,770,760,0,"4,891302",103
358,1970-01-01,11:48:07.98,42487979772585,,770,760,770,770,770,760,770,760,0,"4,891302",103
359,1970-01-01,11:48:08.08,42488079717310,,770,770,770,770,770,760,770,760,0,"4,891302",103
360,1970-01-01,11:48:08.18,42488179717690,,770,760,770,770,770,760,760,760,0,"4,891302",103
361,1970-01-01,11:48:08.28,42488279706190,,770,760,770,770,770,760,770,760,0,"4,891302",103
362,1970-01-01,11:48:08.38,42488379709270,,770,760,770,770,770,760,770,760,0,"4,891302",103
363,1970-01-01,11:48:08.48,42488479708255,,770,770,770,770,770,760,770,760,0,"4,891302",103
364,1970-01-01,11:48:08.58,42488579719630,,770,770,770,770,770,760,770,760,0,"4,891302",102
365,1970-01-01,11:48:08.68,42488679710105,,770,760,770,770,770,760,770,760,0,"4,891302",103
366,1970-01-01,11:48:08.78,42488779775105,,770,770,770,770,770,760,770,760,0,"4,891302",104
367,1970-01-01,11:48:08.88,42488879736890,,770,770,770,770,770,760,770,760,0,"4,891302",103
368,1970-01-01,11:48:08.98,42488979755255,,770,760,770,770,770,760,770,760,0,"4,891302",103
369,1970-01-01,11:48:09.08,42489079723775,,770,760,770,770,770,760,770,760,0,"4,891302",103
370,1970-01-01,11:48:09.18,42489179774590,,770,760,770,770,770,760,770,760,0,"4,891302",103
371,1970-01-01,11:48:09.28,42489279720470,,770,770,770,770,770,760,770,760,0,"4,891302",103
372,1970-01-01,11:48:09.38,42489379724270,,770,760,770,770,770,760,760,760,0,"4,891302",102
373,1970-01-01,11:48:09.48,42489479775965,,770,760,770,770,770,770,770,760,0,"4,891302",103
374,1970-01-01,11:48:09.58,42489579722460,,770,770,770,770,770,760,770,760,0,"4,891302",103
375,1970-01-01,11:48:09.68,42489679741375,,770,770,770,770,770,770,770,760,0,"4,891302",103
376,1970-01-01,11:48:09.78,42489779714925,,770,760,770,770,770,760,770,760,0,"4,891302",103
377,1970-01-01,11:48:09.88,42489879714125,,770,760,770,770,770,760,770,760,0,"4,891302",102
378,1970-01-01,11:48:09.98,42489979724000,,770,770,770,770,770,760,770,760,0,"4,891302",103
379,1970-01-01,11:48:10.08,42490079710970,,770,770,770,770,770,760,760,760,0,"4,891302",103
380,1970-01-01,11:48:10.18,42490179743990,,770,770,770,770,770,760,770,760,0,"4,891302",103
381,1970-01-01,11:48:10.28,42490279716140,,770,770,770,770,770,760,770,760,0,"4,891302",103
382,1970-01-01,11:48:10.38,42490379716890,,770,760,770,770,770,770,770,760,0,"4,891302",103
383,1970-01-01,11:48:10.48,42490479754875,,770,770,770,770,770,760,760,760,0,"4,891302",103
384,1970-01-01,11:48:10.58,42490579723295,,770,760,770,770,770,760,770,760,0,"4,891302",103
385,1970-01-01,11:48:10.68,42490679760480,,770,760,770,770,770,760,770,760,0,"4,891302",103
386,1970-01-01,11:48:10.78,42490779779075,,770,760,770,770,770,760,770,760,0,"4,891302",103
387,1970-01-01,11:48:10.88,42490879758140,,770,760,770,770,770,770,770,760,0,"4,891302",104
388,1970-01-01,11:48:10.98,42490979748620,,770,760,770,770,770,770,770,760,0,"4,891302",104
389,1970-01-01,11:48:11.08,42491079721560,,770,770,770,770,770,760,770,760,0,"4,891302",104
390,1970-01-01,11:48:11.18,42491179756620,,770,760,770,770,770,770,770,760,0,"4,891302",103
391,1970-01-01,11:48:11.28,42491279725960,,770,760,770,770,770,760,770,760,0,"4,891302",103
392,1970-01-01,11:48:11.38,42491379787235,,770,770,770,770,770,760,770,760,0,"4,891302",103
393,1970-01-01,11:48:11.48,42491479729835,,770,770,770,770,770,760,770,760,0,"4,891302",102
394,1970-01-01,11:48:11.58,42491579727375,,770,770,770,770,770,770,760,760,0,"4,891302",103
395,1970-01-01,11:48:11.68,42491679734095,,770,770,770,770,770,760,760,760,0,"4,891302",103
396,1970-01-01,11:48:11.78,42491779729075,,770,770,770,770,770,770,770,760,0,"4,891302",102
397,1970-01-01,11:48:11.88,42491879735090,,770,760,770,770,770,760,770,760,0,"4,891302",102
398,1970-01-01,11:48:11.98,42491979765630,,770,770,770,770,770,760,770,760,0,"4,891302",103
399,1970-01-01,11:48:12.08,42492079733080,,770,770,770,770,770,770,770,760,0,"4,891302",103
400,1970-01-01,11:48:12.18,42492179768270,,770,770,770,770,770,760,770,760,0,"4,891302",102
401,1970-01-01,11:48:12.28,42492279764820,,770,770,770,770,770,760,770,760,0,"4,891302",103
402,1970-01-01,11:48:12.38,42492379767490,,770,760,770,770,770,760,770,760,0,"4,891302",103
403,1970-01-01,11:48:12.48,42492479770905,,770,760,770,770,770,760,770,760,0,"4,891302",103
404,1970-01-01,11:48:12.58,42492579757900,,770,770,770,770,770,760,770,760,0,"4,891302",103
405,1970-01-01,11:48:12.68,42492679738315,,770,760,770,770,770,760,760,760,0,"4,891302",102
406,1970-01-01,11:48:12.78,42492779742360,,770,770,770,770,770,760,770,760,0,"4,891302",103
407,1970-01-01,11:48:12.88,42492879718330,,770,770,770,770,770,760,770,760,0,"4,891302",102
408,1970-01-01,11:48:12.98,42492979715090,,770,770,770,770,770,760,770,760,0,"4,891302",102
409,1970-01-01,11:48:13.08,42493079714495,,770,760,770,770,770,770,770,760,0,"4,891302",103
410,1970-01-01,11:48:13.18,42493179716210,,770,770,770,770,770,760,770,760,0,"4,891302",103
411,1970-01-01,11:48:13.28,42493279718200,,770,760,770,770,770,760,760,760,0,"4,891302",103
412,1970-01-01,11:48:13.38,42493379779010,,770,770,770,770,770,760,760,760,0,"4,891302",103
413,1970-01-01,11:48:13.48,42493479717555,,770,760,770,770,770,760,770,760,0,"4,891302",102
414,1970-01-01,11:48:13.58,42493579762095,,770,760,770,770,770,760,770,760,0,"4,891302",103
415,1970-01-01,11:48:13.68,42493679752825,,770,760,770,770,770,760,770,760,0,"4,891302",104
416,1970-01-01,11:48:13.78,42493779718820,,770,770,770,770,770,760,770,760,0,"4,891302",103
417,1970-01-01,11:48:13.88,42493879765535,,770,760,770,770,770,760,770,760,0,"4,891302",103
418,1970-01-01,11:48:13.98,42493979715885,,770,760,770,770,770,760,770,760,0,"4,891302",103
419,1970-01-01,11:48:14.08,42494079757240,,770,770,770,770,770,760,770,760,0,"4,891302",103
420,1970-01-01,11:48:14.18,42494179728200,,770,770,770,770,770,760,770,760,0,"4,891302",103
421,1970-01-01,11:48:14.28,42494279757045,,770,760,770,770,770,760,770,760,0,"4,891302",102
422,1970-01-01,11:48:14.38,42494379711725,,770,760,770,770,770,760,770,760,0,"4,891302",102
423,1970-01-01,11:48:14.48,42494479725410,,770,760,770,770,770,760,770,760,0,"4,891302",103
424,1970-01-01,11:48:14.58,42494579724735,,770,770,770,770,770,770,760,760,0,"4,891302",103
425,1970-01-01,11:48:14.68,42494679708885,,770,770,770,770,770,760,770,760,0,"4,891302",103
426,1970-01-01,11:48:14.78,42494779715045,,770,760,770,770,770,760,770,760,0,"4,891302",103
427,1970-01-01,11:48:14.88,42494879711230,,770,760,770,770,770,760,760,760,0,"4,891302",103
428,1970-01-01,11:48:14.98,42494979791125,,770,770,770,770,770,760,770,760,0,"4,891302",103
429,1970-01-01,11:48:15.08,42495079723540,,770,760,770,770,770,760,770,760,0,"4,891302",103
430,1970-01-01,11:48:15.18,42495179767440,,770,760,770,770,770,760,770,760,0,"4,891302",103
431,1970-01-01,11:48:15.28,42495279729865,,770,760,770,770,770,760,770,760,0,"4,891302",103
432,1970-01-01,11:48:15.38,42495379770350,,770,770,770,770,770,760,770,760,0,"4,891302",103
433,1970-01-01,11:48:15.48,42495479770950,,770,770,770,770,770,760,770,760,0,"4,891302",103
434,1970-01-01,11:48:15.58,42495579768165,,770,760,770,770,770,770,770,760,0,"4,891302",102
435,1970-01-01,11:48:15.68,42495679724430,,770,760,770,770,770,770,770,760,0,"4,891302",102
436,1970-01-01,11:48:15.78,42495779742955,,770,770,770,770,770,760,770,760,0,"4,891302",102
437,1970-01-01,11:48:15.88,42495879713740,,770,760,770,770,770,760,760,760,0,"4,891302",103
438,1970-01-01,11:48:15.98,42495979713020,,770,760,770,770,770,760,770,760,0,"4,891302",103
439,1970-01-01,11:48:16.08,42496079721880,,770,770,770,770,770,760,770,760,0,"4,891302",103
440,1970-01-01,11:48:16.18,42496179715475,,770,760,770,770,770,760,770,760,0,"4,891302",104
441,1970-01-01,11:48:16.28,42496279715480,,770,760,770,770,770,760,770,760,0,"4,891302",104
442,1970-01-01,11:48:16.38,42496379712905,,770,770,770,770,770,760,770,760,0,"4,891302",103
443,1970-01-01,11:48:16.48,42496479725585,,770,770,770,770,770,770,760,760,0,"4,891302",103
444,1970-01-01,11:48:16.58,42496579741150,,770,770,770,770,770,760,770,760,0,"4,891302",103
445,1970-01-01,11:48:16.68,42496679781965,,770,760,770,770,770,760,770,760,0,"4,891302",103
446,1970-01-01,11:48:16.78,42496779718305,,770,760,770,770,770,760,760,760,0,"4,891302",103
447,1970-01-01,11:48:16.88,42496879756030,,770,770,770,770,770,770,770,760,0,"4,891302",103
448,1970-01-01,11:48:16.98,42496979785150,,770,770,770,770,770,770,770,760,0,"4,891302",103
449,1970-01-01,11:48:17.08,42497079762020,,770,770,770,770,770,760,770,760,0,"4,891302",102
450,1970-01-01,11:48:17.18,42497179783920,,770,760,770,770,770,760,760,760,0,"4,891302",103
451,1970-01-01,11:48:17.28,42497279758665,,770,760,770,770,770,760,770,760,0,"4,891302",102
452,1970-01-01,11:48:17.38,42497379718230,,770,760,770,770,770,760,770,760,0,"4,891302",103
453,1970-01-01,11:48:17.48,42497479727215,,770,760,770,770,770,760,770,760,0,"4,891302",102
454,1970-01-01,11:48:17.58,42497579726590,,770,770,770,770,770,760,770,760,0,"4,076085",102
455,1970-01-01,11:48:17.68,42497679709215,,770,760,770,770,770,770,770,760,0,"4,891302",103
456,1970-01-01,11:48:17.78,42497779716500,,770,760,770,770,770,770,770,760,0,"4,891302",103
457,1970-01-01,11:48:17.88,42497879714870,,770,770,770,770,770,760,770,760,0,"4,891302",103
458,1970-01-01,11:48:17.98,42497979711565,,770,770,770,770,770,760,770,760,0,"4,891302",103
459,1970-01-01,11:48:18.08,42498079745505,,770,760,770,770,770,760,770,760,0,"4,891302",103
460,1970-01-01,11:48:18.18,42498179753390,,770,770,770,770,770,760,770,760,0,"4,891302",103
461,1970-01-01,11:48:18.28,42498279762980,,770,770,770,770,770,760,770,760,0,"4,891302",103
462,1970-01-01,11:48:18.38,42498379753785,,770,770,770,770,770,760,770,760,0,"4,891302",103
463,1970-01-01,11:48:18.48,42498479765430,,770,770,770,770,770,760,770,760,0,"4,891302",103
464,1970-01-01,11:48:18.58,42498579766370,,770,760,770,770,770,770,760,760,0,"4,891302",103
465,1970-01-01,11:48:18.68,42498679723170,,770,770,770,770,770,760,770,760,0,"4,891302",103
466,1970-01-01,11:48:18.78,42498779766435,,770,760,770,770,770,760,770,760,0,"4,891302",103
467,1970-01-01,11:48:18.88,42498879778395,,770,770,770,770,770,760,770,760,0,"4,891302",103
468,1970-01-01,11:48:18.98,42498979773650,,770,760,770,770,770,760,770,760,0,"4,891302",103
469,1970-01-01,11:48:19.08,42499079708790,,770,760,770,770,770,760,760,760,0,"4,891302",103
470,1970-01-01,11:48:19.18,42499179717840,,770,770,770,770,770,760,770,760,0,"4,891302",104
471,1970-01-01,11:48:19.28,42499279728665,,770,760,770,770,770,760,770,760,0,"4,891302",104
472,1970-01-01,11:48:19.38,42499379708845,,770,760,770,770,770,760,770,760,0,"4,891302",103
473,1970-01-01,11:48:19.48,42499479709805,,770,770,770,770,770,760,770,760,0,"4,891302",103
474,1970-01-01,11:48:19.58,42499579724515,,770,760,770,770,770,760,760,760,0,"4,891302",103
475,1970-01-01,11:48:19.68,42499679766665,,770,760,770,770,770,760,760,760,0,"4,891302",103
476,1970-01-01,11:48:19.78,42499779777650,,770,760,770,770,770,760,770,760,0,"4,891302",102
477,1970-01-01,11:48:19.88,42499879742780,,770,760,770,770,770,760,770,760,0,"4,891302",103
478,1970-01-01,11:48:19.98,42499979765395,,770,770,770,770,770,760,760,760,0,"4,891302",103
479,1970-01-01,11:48:20.08,42500079769855,,770,760,770,770,770,760,770,760,0,"4,891302",103
480,1970-01-01,11:48:20.18,42500179766065,,770,760,770,770,770,760,770,760,0,"4,891302",103
481,1970-01-01,11:48:20.28,42500279728280,,770,760,770,770,770,760,760,760,0,"4,891302",103
482,1970-01-01,11:48:20.38,42500379749070,,770,770,770,770,770,760,760,760,0,"4,891302",104
483,1970-01-01,11:48:20.48,42500479714230,,770,770,770,770,770,760,770,760,0,"4,891302",103
484,1970-01-01,11:48:20.58,42500579763475,,770,770,770,770,770,760,770,760,0,"4,891302",103
485,1970-01-01,11:48:20.68,42500679703885,,770,770,770,770,770,760,770,760,0,"4,891302",103
486,1970-01-01,11:48:20.78,42500779709590,,770,760,770,770,770,760,770,760,0,"4,891302",102
487,1970-01-01,11:48:20.88,42500879711680,,770,760,770,770,770,760,770,760,0,"4,891302",103
488,1970-01-01,11:48:20.98,42500979717250,,770,760,770,770,770,760,770,760,0,"4,891302",104
489,1970-01-01,11:48:21.08,42501079769330,,770,760,770,770,770,760,760,760,0,"4,891302",103
490,1970-01-01,11:48:21.18,42501179721760,,770,770,770,770,770,760,770,760,0,"4,891302",103
491,1970-01-01,11:48:21.28,42501279755005,,770,760,770,770,770,760,770,760,0,"4,891302",103
492,1970-01-01,11:48:21.38,42501379727870,,770,770,770,770,770,760,770,760,0,"4,891302",103
493,1970-01-01,11:48:21.48,42501479775020,,770,760,770,770,770,760,770,760,0,"4,891302",103
494,1970-01-01,11:48:21.58,42501579765505,,770,760,770,770,770,760,770,760,0,"4,891302",103
495,1970-01-01,11:48:21.68,42501679751965,,770,760,770,770,770,760,770,760,0,"4,891302",103
496,1970-01-01,11:48:21.78,42501779727315,,770,760,770,770,770,770,760,760,0,"4,891302",103
497,1970-01-01,11:48:21.88,42501879761645,,770,770,770,770,770,760,770,760,0,"4,891302",103
498,1970-01-01,11:48:21.98,42501979712345,,770,760,770,770,770,760,760,760,0,"4,891302",103
499,1970-01-01,11:48:22.08,42502079713350,,770,770,770,770,770,760,770,760,0,"4,891302",103
500,1970-01-01,11:48:22.18,42502179714155,,770,760,770,770,770,760,770,760,0,"4,891302",103
501,1970-01-01,11:48:22.28,42502279717675,,770,760,770,770,770,760,770,760,0,"4,891302",103
502,1970-01-01,11:48:22.38,42502379720020,,770,770,770,770,770,760,770,760,0,"4,891302",103
503,1970-01-01,11:48:22.48,42502479711065,,770,770,770,770,770,760,770,760,0,"4,891302",103
504,1970-01-01,11:48:22.58,42502579772805,,770,760,770,770,770,760,770,760,0,"4,891302",103
505,1970-01-01,11:48:22.68,42502679754570,,770,770,770,770,770,760,770,760,0,"4,891302",103
506,1970-01-01,11:48:22.78,42502779769040,,770,760,770,770,770,760,770,760,0,"4,891302",103
507,1970-01-01,11:48:22.88,42502879727730,,770,760,770,770,770,760,770,760,0,"4,891302",103
508,1970-01-01,11:48:22.98,42502979727340,,770,760,770,770,770,770,770,760,0,"4,891302",104
509,1970-01-01,11:48:23.08,42503079772640,,770,760,770,770,770,760,770,760,0,"4,891302",103
510,1970-01-01,11:48:23.18,42503179766690,,770,760,770,770,770,760,770,760,0,"4,891302",104
511,1970-01-01,11:48:23.28,42503279715695,,770,770,770,770,770,760,770,760,0,"4,891302",103
512,1970-01-01,11:48:23.38,42503379764100,,770,760,770,770,770,760,770,760,0,"4,891302",104
513,1970-01-01,11:48:23.48,42503479765905,,770,760,770,770,770,760,770,760,0,"4,891302",102
514,1970-01-01,11:48:23.58,42503579719375,,770,760,770,770,770,760,760,760,0,"4,891302",103
515,1970-01-01,11:48:23.68,42503679715455,,770,760,770,770,770,770,770,760,0,"4,891302",103
516,1970-01-01,11:48:23.78,42503779716480,,770,760,770,770,770,760,770,760,0,"4,891302",103
517,1970-01-01,11:48:23.88,42503879758885,,770,760,770,770,770,770,770,760,0,"4,891302",103
518,1970-01-01,11:48:23.98,42503979713895,,770,770,770,770,770,760,760,760,0,"4,891302",103
519,1970-01-01,11:48:24.08,42504079719635,,770,760,770,770,770,760,760,760,0,"4,891302",103
520,1970-01-01,11:48:24.18,42504179785200,,770,770,770,770,770,760,770,760,0,"4,891302",102
521,1970-01-01,11:48:24.28,42504279765670,,770,760,770,770,770,770,760,760,0,"4,891302",103
522,1970-01-01,11:48:24.38,42504379766510,,770,760,770,770,770,760,770,760,0,"4,891302",103
523,1970-01-01,11:48:24.48,42504479775980,,770,760,770,770,770,760,770,760,0,"4,891302",103
524,1970-01-01,11:48:24.58,42504579724260,,770,770,770,770,770,760,760,760,0,"4,891302",103
525,1970-01-01,11:48:24.68,42504679728295,,770,760,770,770,770,760,760,760,0,"4,891302",103
526,1970-01-01,11:48:24.78,42504779764310,,770,770,770,770,770,760,770,760,0,"4,891302",103
527,1970-01-01,11:48:24.88,42504879756470,,770,770,770,770,770,770,770,760,0,"4,891302",103
528,1970-01-01,11:48:24.98,42504979741380,,770,760,770,770,770,770,770,760,0,"4,891302",103
529,1970-01-01,11:48:25.08,42505079709460,,770,760,770,770,770,760,760,760,0,"4,891302",103
530,1970-01-01,11:48:25.18,42505179711430,,770,770,770,770,770,760,770,760,0,"4,891302",103
531,1970-01-01,11:48:25.28,42505279708120,,770,760,770,770,770,760,770,760,0,"4,891302",104
532,1970-01-01,11:48:25.38,42505379726270,,770,760,770,770,770,760,770,760,0,"4,891302",104
533,1970-01-01,11:48:25.48,42505479714025,,770,760,770,770,770,770,770,760,0,"4,891302",103
534,1970-01-01,11:48:25.58,42505579722665,,770,770,770,770,770,760,770,760,0,"4,891302",103
535,1970-01-01,11:48:25.68,42505679714410,,770,760,770,770,770,770,760,760,0,"4,891302",103
536,1970-01-01,11:48:25.78,42505779768680,,770,760,770,770,770,760,760,760,0,"4,891302",103
537,1970-01-01,11:48:25.88,42505879746690,,770,770,770,770,770,760,770,760,0,"4,891302",103
538,1970-01-01,11:48:25.98,42505979722215,,770,760,770,770,770,760,770,760,0,"4,891302",102
539,1970-01-01,11:48:26.08,42506079766360,,770,760,770,770,770,770,760,760,0,"4,891302",103
540,1970-01-01,11:48:26.18,42506179769865,,770,760,770,770,770,760,770,760,0,"4,891302",103
541,1970-01-01,11:48:26.28,42506279752860,,770,760,770,770,770,760,770,760,0,"4,891302",103
542,1970-01-01,11:48:26.38,42506379765265,,770,770,770,770,770,760,770,760,0,"4,891302",103
543,1970-01-01,11:48:26.48,42506479764320,,770,760,770,770,770,760,770,760,0,"4,891302",103
544,1970-01-01,11:48:26.58,42506579708905,,770,760,770,770,770,760,770,760,0,"4,891302",103
545,1970-01-01,11:48:26.68,42506679746220,,770,770,770,770,770,770,770,760,0,"4,891302",104
546,1970-01-01,11:48:26.78,42506779719240,,770,760,770,770,770,760,760,760,0,"4,891302",103
547,1970-01-01,11:48:26.88,42506879711200,,770,770,770,770,770,760,770,760,0,"4,891302",103
548,1970-01-01,11:48:26.98,42506979718335,,770,760,770,770,770,770,760,760,0,"4,891302",103
549,1970-01-01,11:48:27.08,42507079720785,,770,760,770,770,770,760,770,760,0,"4,891302",103
550,1970-01-01,11:48:27.18,42507179777770,,770,760,770,770,770,760,770,760,0,"4,891302",103
551,1970-01-01,11:48:27.28,42507279766840,,770,760,770,770,770,770,760,760,0,"4,891302",103
552,1970-01-01,11:48:27.38,42507379759455,,770,760,770,770,770,760,770,760,0,"4,891302",103
553,1970-01-01,11:48:27.48,42507479724925,,770,770,770,770,770,760,770,760,0,"4,891302",103
554,1970-01-01,11:48:27.58,42507579762440,,770,760,770,770,770,770,770,760,0,"4,891302",103
555,1970-01-01,11:48:27.68,42507679782465,,770,760,770,770,770,770,770,760,0,"4,891302",103
556,1970-01-01,11:48:27.78,42507779759350,,770,760,770,770,770,770,770,760,0,"4,891302",103
557,1970-01-01,11:48:27.88,42507879746500,,770,760,770,770,770,760,760,760,0,"4,891302",103
558,1970-01-01,11:48:27.98,42507979738335,,770,760,770,770,770,760,770,760,0,"4,891302",103
559,1970-01-01,11:48:28.08,42508079726800,,770,760,770,770,770,760,770,760,0,"4,891302",102
560,1970-01-01,11:48:28.18,42508179765905,,770,760,770,770,770,760,770,760,0,"4,891302",103
561,1970-01-01,11:48:28.28,42508279721225,,770,770,770,770,770,760,770,760,0,"4,891302",104
562,1970-01-01,11:48:28.38,42508379713630,,770,760,770,770,770,760,760,760,0,"4,891302",102
563,1970-01-01,11:48:28.48,42508479712450,,770,770,770,770,770,760,760,760,0,"4,891302",102
564,1970-01-01,11:48:28.58,42508579715995,,770,760,770,770,770,760,770,760,0,"4,891302",103
565,1970-01-01,11:48:28.68,42508679746125,,770,760,770,770,770,760,770,760,0,"4,891302",103
566,1970-01-01,11:48:28.78,42508779721070,,770,770,770,770,770,760,770,760,0,"4,891302",103
567,1970-01-01,11:48:28.88,42508879759085,,770,760,770,770,770,760,760,760,0,"4,891302",103
568,1970-01-01,11:48:28.98,42508979719255,,770,760,770,770,770,760,770,760,0,"4,891302",103
569,1970-01-01,11:48:29.08,42509079770355,,770,770,770,770,770,760,770,760,0,"4,891302",103
570,1970-01-01,11:48:29.18,42509179768770,,770,770,770,770,770,760,770,760,0,"4,891302",104
571,1970-01-01,11:48:29.28,42509279772860,,770,760,770,770,770,760,770,760,0,"4,891302",103
572,1970-01-01,11:48:29.38,42509379720260,,770,760,770,770,770,760,770,760,0,"4,891302",102
573,1970-01-01,11:48:29.48,42509479768065,,770,760,770,770,770,770,770,760,0,"4,891302",102
574,1970-01-01,11:48:29.58,42509579774580,,770,770,770,770,770,760,770,760,0,"4,891302",103
575,1970-01-01,11:48:29.68,42509679723015,,770,770,770,770,770,760,770,760,0,"4,891302",103
576,1970-01-01,11:48:29.78,42509779717935,,770,770,770,770,770,760,770,760,0,"4,891302",103
577,1970-01-01,11:48:29.88,42509879708465,,770,760,770,770,770,760,770,760,0,"4,891302",104
578,1970-01-01,11:48:29.98,42509979742585,,770,770,770,770,770,760,770,760,0,"4,891302",102
579,1970-01-01,11:48:30.08,42510079717305,,770,760,770,770,770,760,770,760,0,"4,891302",102
580,1970-01-01,11:48:30.18,42510179720520,,770,760,770,770,770,760,770,760,0,"4,891302",102
581,1970-01-01,11:48:30.28,42510279763870,,770,760,770,770,770,760,760,760,0,"4,891302",103
582,1970-01-01,11:48:30.38,42510379725920,,770,760,770,770,770,760,770,760,0,"4,891302",103
583,1970-01-01,11:48:30.48,42510479767465,,770,760,770,770,770,770,770,760,0,"4,891302",103
584,1970-01-01,11:48:30.58,42510579750780,,770,760,770,770,770,760,760,760,0,"4,891302",103
585,1970-01-01,11:48:30.68,42510679744010,,770,760,770,770,770,770,770,760,0,"4,891302",102
586,1970-01-01,11:48:30.78,42510779719690,,770,760,770,770,770,770,770,760,0,"4,891302",103
587,1970-01-01,11:48:30.88,42510879761305,,770,760,770,770,770,760,770,760,0,"4,891302",103
588,1970-01-01,11:48:30.98,42510979730110,,770,760,770,770,770,760,770,760,0,"4,891302",103
589,1970-01-01,11:48:31.08,42511079772845,,770,760,770,770,770,760,770,760,0,"4,891302",103
590,1970-01-01,11:48:31.18,42511179714530,,770,760,770,770,770,760,760,760,0,"4,891302",103
591,1970-01-01,11:48:31.28,42511279705895,,770,760,770,770,770,760,770,760,0,"4,891302",104
592,1970-01-01,11:48:31.38,42511379716810,,770,760,770,770,770,770,770,760,0,"4,891302",103
593,1970-01-01,11:48:31.48,42511479714460,,770,760,770,770,770,760,770,760,0,"4,891302",103
594,1970-01-01,11:48:31.58,42511579720500,,770,760,770,770,770,760,770,760,0,"4,891302",102
595,1970-01-01,11:48:31.68,42511679705510,,770,760,770,770,770,760,770,760,0,"4,891302",103
596,1970-01-01,11:48:31.78,42511779718275,,770,760,770,770,770,760,770,760,0,"4,891302",102
597,1970-01-01,11:48:31.88,42511879737825,,770,760,770,770,770,760,770,760,0,"4,891302",103
598,1970-01-01,11:48:31.98,42511979761650,,770,760,770,770,770,770,770,760,0,"4,891302",103
599,1970-01-01,11:48:32.08,42512079768610,,770,770,770,770,770,770,760,760,0,"4,891302",102
600,1970-01-01,11:48:32.18,42512179771380,,770,760,770,770,770,770,770,760,0,"4,891302",103
601,1970-01-01,11:48:32.28,42512279723090,,770,760,770,770,770,760,770,760,0,"4,891302",102
602,1970-01-01,11:48:32.38,42512379776635,,770,760,770,770,770,760,760,760,0,"4,891302",103
603,1970-01-01,11:48:32.48,42512479764870,,770,760,770,770,770,760,770,760,0,"4,891302",103
604,1970-01-01,11:48:32.58,42512579763360,,770,760,770,770,770,760,770,760,0,"4,891302",103
605,1970-01-01,11:48:32.68,42512679717785,,770,770,770,770,770,760,770,760,0,"4,891302",103
606,1970-01-01,11:48:32.78,42512779714885,,770,760,770,770,770,760,770,760,0,"4,891302",103
607,1970-01-01,11:48:32.88,42512879715900,,770,760,770,770,770,760,770,760,0,"4,891302",103
608,1970-01-01,11:48:32.98,42512979778225,,770,760,770,770,770,770,760,760,0,"4,891302",103
609,1970-01-01,11:48:33.08,42513079722475,,770,760,770,770,770,770,770,760,0,"4,891302",103
610,1970-01-01,11:48:33.18,42513179711470,,770,760,770,770,770,760,770,760,0,"4,891302",103
611,1970-01-01,11:48:33.28,42513279768770,,770,760,770,770,770,760,770,760,0,"4,891302",103
612,1970-01-01,11:48:33.38,42513379782460,,770,760,770,770,770,760,760,760,0,"4,891302",103
613,1970-01-01,11:48:33.48,42513479724025,,770,760,770,770,770,760,770,760,0,"4,891302",103
614,1970-01-01,11:48:33.58,42513579768180,,770,760,770,770,770,760,770,760,0,"4,891302",102
615,1970-01-01,11:48:33.68,42513679776370,,770,770,770,770,770,760,770,760,0,"4,891302",103
616,1970-01-01,11:48:33.78,42513779724435,,770,760,770,770,770,770,770,760,0,"4,891302",103
617,1970-01-01,11:48:33.88,42513879718705,,770,760,770,770,770,760,760,760,0,"4,891302",103
618,1970-01-01,11:48:33.98,42513979757430,,770,770,770,770,770,760,770,760,0,"4,891302",103
619,1970-01-01,11:48:34.08,42514079759580,,770,760,770,770,770,760,770,760,0,"4,891302",103
620,1970-01-01,11:48:34.18,42514179722885,,770,760,770,770,770,760,770,760,0,"4,891302",104
621,1970-01-01,11:48:34.28,42514279711085,,770,770,770,770,770,760,770,760,0,"4,891302",103
622,1970-01-01,11:48:34.38,42514379713770,,770,760,770,770,770,770,770,760,0,"4,891302",103
623,1970-01-01,11:48:34.48,42514479720230,,770,760,770,770,770,760,770,760,0,"4,891302",102
624,1970-01-01,11:48:34.58,42514579711610,,770,760,770,770,770,770,770,760,0,"4,891302",103
625,1970-01-01,11:48:34.68,42514679709880,,770,760,770,770,770,760,770,760,0,"4,891302",103
626,1970-01-01,11:48:34.78,42514779708295,,770,760,770,770,770,760,770,760,0,"4,891302",104
627,1970-01-01,11:48:34.88,42514879783455,,770,770,770,770,770,760,770,760,0,"4,891302",103
628,1970-01-01,11:48:34.98,42514979726185,,770,760,770,770,770,760,770,760,0,"4,891302",102
629,1970-01-01,11:48:35.08,42515079760415,,770,760,770,770,770,760,770,760,0,"4,891302",103
630,1970-01-01,11:48:35.18,42515179759265,,770,760,770,770,770,760,770,760,0,"4,891302",103
631,1970-01-01,11:48:35.28,42515279725500,,770,760,770,770,770,760,770,760,0,"4,891302",103
632,1970-01-01,11:48:35.38,42515379722780,,770,770,770,770,770,760,770,760,0,"4,891302",103
633,1970-01-01,11:48:35.48,42515479772815,,770,760,770,770,770,760,770,760,0,"4,891302",103
634,1970-01-01,11:48:35.58,42515579725555,,770,760,770,770,770,760,770,760,0,"4,891302",102
635,1970-01-01,11:48:35.68,42515679751840,,770,760,770,770,770,760,770,760,0,"4,891302",103
636,1970-01-01,11:48:35.78,42515779750835,,770,760,770,770,770,760,770,760,0,"4,891302",103
637,1970-01-01,11:48:35.88,42515879721600,,770,770,770,770,770,770,770,760,0,"4,891302",103
638,1970-01-01,11:48:35.98,42515979721550,,770,760,770,770,770,770,770,760,0,"4,891302",103
639,1970-01-01,11:48:36.08,42516079714055,,770,760,770,770,770,760,770,760,0,"4,891302",103
640,1970-01-01,11:48:36.18,42516179713835,,770,760,770,770,770,760,770,760,0,"4,891302",103
641,1970-01-01,11:48:36.28,42516279712025,,770,770,770,770,770,760,770,760,0,"4,891302",103
642,1970-01-01,11:48:36.38,42516379719085,,770,760,770,770,770,760,770,760,0,"4,891302",103
643,1970-01-01,11:48:36.48,42516479767350,,770,760,770,770,770,760,770,760,0,"4,891302",103
644,1970-01-01,11:48:36.58,42516579764350,,770,770,770,770,770,760,770,760,0,"4,891302",103
645,1970-01-01,11:48:36.68,42516679765830,,770,760,770,770,770,760,770,760,0,"4,891302",103
646,1970-01-01,11:48:36.78,42516779719455,,770,770,770,770,770,760,770,760,0,"4,891302",103
647,1970-01-01,11:48:36.88,42516879723310,,770,760,770,770,770,760,770,760,0,"4,891302",102
648,1970-01-01,11:48:36.98,42516979771215,,770,760,770,770,770,770,770,760,0,"4,891302",102
649,1970-01-01,11:48:37.08,42517079764375,,770,760,770,770,770,770,760,760,0,"4,891302",103
650,1970-01-01,11:48:37.18,42517179723695,,770,760,770,770,770,770,770,760,0,"4,891302",103
651,1970-01-01,11:48:37.28,42517279743805,,770,770,770,770,770,760,770,760,0,"4,891302",104
652,1970-01-01,11:48:37.38,42517379723930,,770,760,770,770,770,760,770,760,0,"4,891302",103
653,1970-01-01,11:48:37.48,42517479726655,,770,770,770,770,770,760,770,760,0,"4,891302",103
654,1970-01-01,11:48:37.58,42517579721800,,770,770,770,770,770,770,770,760,0,"4,891302",103
655,1970-01-01,11:48:37.68,42517679767450,,770,760,770,770,770,760,770,760,0,"4,891302",103
656,1970-01-01,11:48:37.78,42517779718055,,770,760,770,770,770,760,770,760,0,"4,891302",103
657,1970-01-01,11:48:37.88,42517879718780,,770,760,770,770,770,770,770,760,0,"4,891302",103
658,1970-01-01,11:48:37.98,42517979769585,,770,760,770,770,770,770,770,760,0,"4,891302",103
659,1970-01-01,11:48:38.08,42518079725475,,770,760,770,770,770,760,760,760,0,"4,891302",103
660,1970-01-01,11:48:38.18,42518179764210,,770,760,770,770,770,760,770,760,0,"4,891302",103
661,1970-01-01,11:48:38.28,42518279774960,,770,770,770,770,770,760,770,760,0,"4,891302",104
662,1970-01-01,11:48:38.38,42518379775885,,770,760,770,770,770,770,770,760,0,"4,891302",103
663,1970-01-01,11:48:38.48,42518479727995,,770,760,770,770,770,760,770,760,0,"4,891302",102
664,1970-01-01,11:48:38.58,42518579759775,,770,760,770,770,770,760,770,760,0,"4,891302",103
665,1970-01-01,11:48:38.68,42518679729350,,770,760,770,770,770,770,770,760,0,"4,891302",103
666,1970-01-01,11:48:38.78,42518779748615,,770,770,770,770,770,770,770,760,0,"4,891302",104
667,1970-01-01,11:48:38.88,42518879714615,,770,760,770,770,770,770,770,760,0,"4,891302",104
668,1970-01-01,11:48:38.98,42518979757590,,770,760,770,770,770,760,770,760,0,"4,891302",104
669,1970-01-01,11:48:39.08,42519079716925,,770,760,770,770,770,770,770,760,0,"4,891302",104
670,1970-01-01,11:48:39.18,42519179719045,,770,760,770,770,770,770,760,760,0,"4,891302",103
671,1970-01-01,11:48:39.28,42519279713160,,770,760,770,770,770,760,770,760,0,"4,891302",103
672,1970-01-01,11:48:39.38,42519379721490,,770,760,770,770,770,770,770,760,0,"4,891302",102
673,1970-01-01,11:48:39.48,42519479712175,,770,770,770,770,770,760,770,760,0,"4,891302",103
674,1970-01-01,11:48:39.58,42519579713870,,770,760,770,770,770,770,770,760,0,"4,891302",104
675,1970-01-01,11:48:39.68,42519679716815,,770,770,770,770,770,770,770,760,0,"4,891302",103
676,1970-01-01,11:48:39.78,42519779714690,,770,770,770,770,770,760,770,760,0,"4,891302",103
677,1970-01-01,11:48:39.88,42519879717155,,770,770,770,770,770,760,760,760,0,"4,891302",103
678,1970-01-01,11:48:39.98,42519979714435,,770,760,770,770,770,770,770,760,0,"4,891302",103
679,1970-01-01,11:48:40.08,42520079741880,,770,760,770,770,770,760,760,760,0,"4,891302",103
680,1970-01-01,11:48:40.18,42520179759325,,770,760,770,770,770,770,770,760,0,"4,891302",103
681,1970-01-01,11:48:40.28,42520279751600,,770,760,770,770,770,770,770,760,0,"4,891302",103
682,1970-01-01,11:48:40.38,42520379762535,,770,760,770,770,770,760,770,760,0,"4,891302",104
683,1970-01-01,11:48:40.48,42520479729830,,770,760,770,770,770,770,770,760,0,"4,891302",103
684,1970-01-01,11:48:40.58,42520579755450,,770,760,770,770,770,760,760,760,0,"4,891302",103
685,1970-01-01,11:48:40.68,42520679723540,,770,760,770,770,770,770,770,760,0,"4,891302",103
686,1970-01-01,11:48:40.78,42520779765520,,770,770,770,770,770,760,770,760,0,"4,891302",103
687,1970-01-01,11:48:40.88,42520879764815,,770,760,770,770,770,770,770,760,0,"4,891302",103
688,1970-01-01,11:48:40.98,42520979713785,,770,760,770,770,770,760,770,760,0,"4,891302",103
689,1970-01-01,11:48:41.08,42521079701210,,770,760,770,770,770,760,770,760,0,"4,891302",103
690,1970-01-01,11:48:41.18,42521179714660,,770,760,770,770,770,760,770,760,0,"4,891302",103
691,1970-01-01,11:48:41.28,42521279711080,,770,770,770,770,770,760,770,760,0,"4,891302",103
692,1970-01-01,11:48:41.38,42521379717540,,770,760,770,770,770,760,770,760,0,"4,891302",102
693,1970-01-01,11:48:41.48,42521479726520,,770,760,770,770,770,760,770,760,0,"4,891302",103
694,1970-01-01,11:48:41.58,42521579720120,,770,760,770,770,770,760,760,760,0,"4,891302",103
695,1970-01-01,11:48:41.68,42521679744975,,770,760,770,770,770,760,770,760,0,"4,891302",102
696,1970-01-01,11:48:41.78,42521779779280,,770,760,770,770,770,760,760,760,0,"4,891302",102
697,1970-01-01,11:48:41.88,42521879771355,,770,760,770,770,770,770,760,760,0,"4,891302",103
698,1970-01-01,11:48:41.98,42521979762750,,770,770,770,770,770,760,770,760,0,"4,891302",103
699,1970-01-01,11:48:42.08,42522079729615,,770,760,770,770,770,760,770,760,0,"4,891302",103
700,1970-01-01,11:48:42.18,42522179770390,,770,760,770,770,770,760,760,760,0,"4,891302",103
701,1970-01-01,11:48:42.28,42522279735035,,770,760,770,770,770,760,760,760,0,"4,891302",103
702,1970-01-01,11:48:42.38,42522379766550,,770,760,770,770,770,760,770,760,0,"4,891302",103
703,1970-01-01,11:48:42.48,42522479715920,,770,760,770,770,770,760,760,760,0,"4,891302",103
704,1970-01-01,11:48:42.58,42522579717665,,770,770,770,770,770,770,760,760,"0,815217","4,891302",103
705,1970-01-01,11:48:42.68,42522679717010,,770,770,770,770,770,760,770,760,0,"4,891302",103
706,1970-01-01,11:48:42.78,42522779711385,,770,760,770,770,770,770,770,760,0,"4,891302",103
707,1970-01-01,11:48:42.88,42522879701135,,770,770,770,770,770,760,770,760,0,"4,891302",103
708,1970-01-01,11:48:42.98,42522979717250,,770,760,770,770,770,760,770,760,0,"4,891302",103
709,1970-01-01,11:48:43.08,42523079709845,,770,760,770,770,770,760,770,760,0,"4,891302",103
710,1970-01-01,11:48:43.18,42523179713955,,770,760,770,770,770,760,770,760,"0,815217","4,891302",103
711,1970-01-01,11:48:43.28,42523279708210,,770,760,770,770,770,760,770,760,0,"4,891302",103
712,1970-01-01,11:48:43.38,42523379718055,,770,760,770,770,770,770,770,760,0,"4,891302",103
713,1970-01-01,11:48:43.48,42523479713800,,770,770,770,770,770,760,770,760,0,"4,891302",103
714,1970-01-01,11:48:43.58,42523579726680,,770,770,770,770,770,770,770,760,0,"4,891302",103
715,1970-01-01,11:48:43.68,42523679716745,,770,760,770,770,770,760,770,760,0,"4,891302",103
716,1970-01-01,11:48:43.78,42523779710115,,770,770,770,770,770,760,770,760,0,"4,891302",103
717,1970-01-01,11:48:43.88,42523879712925,,770,760,770,770,770,760,770,760,0,"4,891302",103
718,1970-01-01,11:48:43.98,42523979712080,,770,760,770,770,770,760,770,760,0,"4,891302",104
719,1970-01-01,11:48:44.08,42524079768155,,770,770,770,770,770,770,760,760,0,"4,891302",103
720,1970-01-01,11:48:44.18,42524179721660,,770,760,770,770,770,760,770,760,0,"4,891302",104
721,1970-01-01,11:48:44.28,42524279765845,,770,760,770,770,770,770,770,760,0,"4,891302",103
722,1970-01-01,11:48:44.38,42524379769090,,770,770,770,770,770,760,770,760,0,"4,891302",103
723,1970-01-01,11:48:44.48,42524479768610,,770,760,770,770,770,760,770,760,0,"4,891302",103
724,1970-01-01,11:48:44.58,42524579725035,,770,760,770,770,770,770,770,760,0,"4,891302",104
725,1970-01-01,11:48:44.68,42524679758480,,770,760,770,770,770,760,770,760,0,"4,891302",103
726,1970-01-01,11:48:44.78,42524779752180,,770,760,770,770,770,760,770,760,0,"4,891302",103
727,1970-01-01,11:48:44.88,42524879720660,,770,760,770,770,770,760,770,760,0,"4,891302",103
728,1970-01-01,11:48:44.98,42524979720180,,770,770,770,770,770,770,760,760,0,"4,891302",103
729,1970-01-01,11:48:45.08,42525079706155,,770,760,770,770,770,760,770,760,0,"4,891302",102
730,1970-01-01,11:48:45.18,42525179720930,,770,770,770,770,770,770,770,760,0,"4,891302",103
731,1970-01-01,11:48:45.28,42525279718640,,770,760,770,770,770,760,760,760,0,"4,891302",103
732,1970-01-01,11:48:45.38,42525379720885,,770,760,770,770,770,770,760,760,0,"4,891302",104
733,1970-01-01,11:48:45.48,42525479760745,,770,770,770,770,770,760,770,760,0,"4,891302",103
734,1970-01-01,11:48:45.58,42525579767920,,770,760,770,770,770,770,770,760,0,"4,891302",103
735,1970-01-01,11:48:45.68,42525679771685,,770,770,770,770,770,760,770,760,0,"4,891302",102
736,1970-01-01,11:48:45.78,42525779728000,,770,760,770,770,770,760,760,760,0,"4,891302",103
737,1970-01-01,11:48:45.88,42525879764585,,770,760,770,770,770,760,770,760,0,"4,891302",103
738,1970-01-01,11:48:45.98,42525979760330,,770,760,770,770,770,760,770,760,0,"4,891302",103
739,1970-01-01,11:48:46.08,42526079763495,,770,770,770,770,770,760,770,760,0,"4,891302",103
740,1970-01-01,11:48:46.18,42526179778535,,770,760,770,770,770,760,770,760,0,"4,891302",103
741,1970-01-01,11:48:46.28,42526279721595,,770,760,770,770,770,760,770,760,0,"4,891302",104
742,1970-01-01,11:48:46.38,42526379766355,,770,770,770,770,770,760,770,760,0,"4,891302",102
743,1970-01-01,11:48:46.48,42526479790285,,770,770,770,770,770,760,770,760,0,"4,891302",103
744,1970-01-01,11:48:46.58,42526579720245,,770,770,770,770,770,760,770,760,0,"4,891302",103
745,1970-01-01,11:48:46.68,42526679705160,,770,760,770,770,770,760,770,760,0,"4,891302",103
746,1970-01-01,11:48:46.78,42526779713950,,770,770,770,770,770,760,760,760,0,"4,891302",103
747,1970-01-01,11:48:46.88,42526879717270,,770,770,770,770,770,770,770,760,0,"4,891302",104
748,1970-01-01,11:48:46.98,42526979715910,,770,760,770,770,770,770,770,760,0,"4,891302",103
749,1970-01-01,11:48:47.08,42527079723025,,770,760,770,770,770,760,770,760,0,"4,891302",104
750,1970-01-01,11:48:47.18,42527179715580,,770,770,770,770,770,760,760,760,0,"4,891302",104
751,1970-01-01,11:48:47.28,42527279762570,,770,770,770,770,770,760,770,760,0,"4,891302",103
752,1970-01-01,11:48:47.38,42527379734450,,770,770,770,770,770,770,760,760,0,"4,891302",103
753,1970-01-01,11:48:47.48,42527479770475,,770,760,770,770,770,760,770,760,0,"4,891302",102
754,1970-01-01,11:48:47.58,42527579768520,,770,760,770,770,770,770,770,760,0,"4,891302",103
755,1970-01-01,11:48:47.68,42527679779700,,770,760,770,770,770,760,770,760,0,"4,891302",103
756,1970-01-01,11:48:47.78,42527779767310,,770,760,770,770,770,760,770,760,0,"4,891302",102
757,1970-01-01,11:48:47.88,42527879761440,,770,760,770,770,770,770,770,760,0,"4,891302",103
758,1970-01-01,11:48:47.98,42527979729560,,770,760,770,770,770,770,760,760,0,"4,891302",103
759,1970-01-01,11:48:48.08,42528079716905,,770,760,770,770,770,770,770,760,0,"4,891302",103
760,1970-01-01,11:48:48.18,42528179721205,,770,760,770,770,770,760,770,760,0,"4,891302",103
761,1970-01-01,11:48:48.28,42528279720570,,770,760,770,770,770,760,760,760,0,"4,076085",103
762,1970-01-01,11:48:48.38,42528379715400,,770,760,770,770,770,760,770,760,0,"4,891302",103
763,1970-01-01,11:48:48.48,42528479716150,,770,770,770,770,770,760,770,760,0,"4,891302",102
764,1970-01-01,11:48:48.58,42528579706800,,770,760,770,770,770,760,760,760,0,"4,891302",103
765,1970-01-01,11:48:48.68,42528679739540,,770,760,770,770,770,770,770,760,0,"4,891302",104
766,1970-01-01,11:48:48.78,42528779749075,,770,760,770,770,770,760,770,760,0,"4,891302",103
767,1970-01-01,11:48:48.88,42528879725350,,770,760,770,770,770,770,760,760,0,"4,891302",103
768,1970-01-01,11:48:48.98,42528979756095,,770,760,770,770,770,770,760,760,0,"4,891302",103
769,1970-01-01,11:48:49.08,42529079759475,,770,760,770,770,770,760,760,760,0,"4,891302",103
770,1970-01-01,11:48:49.18,42529179729385,,770,760,770,770,770,760,770,760,0,"4,891302",104
771,1970-01-01,11:48:49.28,42529279767685,,770,770,770,770,770,760,770,760,0,"4,891302",104
772,1970-01-01,11:48:49.38,42529379761740,,770,760,770,770,770,760,770,760,0,"4,891302",103
773,1970-01-01,11:48:49.48,42529479719055,,770,760,770,770,770,760,770,760,0,"4,891302",103
774,1970-01-01,11:48:49.58,42529579770165,,770,760,770,770,770,770,770,760,0,"4,891302",102
775,1970-01-01,11:48:49.68,42529679717820,,770,770,770,770,770,760,770,760,0,"4,891302",103
776,1970-01-01,11:48:49.78,42529779716025,,770,760,770,770,770,760,770,760,0,"4,891302",103
777,1970-01-01,11:48:49.88,42529879721820,,770,760,770,770,770,770,760,760,0,"4,891302",103
778,1970-01-01,11:48:49.98,42529979714905,,770,760,770,770,770,760,770,760,0,"4,891302",103
779,1970-01-01,11:48:50.08,42530079714705,,770,760,770,770,770,760,760,760,0,"4,891302",103
780,1970-01-01,11:48:50.18,42530179720945,,770,770,770,770,770,760,770,760,0,"4,891302",102
781,1970-01-01,11:48:50.28,42530279739515,,770,760,770,770,770,760,770,760,0,"4,076085",103
782,1970-01-01,11:48:50.38,42530379754175,,770,760,770,770,770,760,770,760,0,"4,891302",102
783,1970-01-01,11:48:50.48,42530479726175,,770,770,770,770,770,760,760,760,0,"4,891302",103
784,1970-01-01,11:48:50.58,42530579723465,,770,760,770,770,770,760,770,760,0,"4,891302",103
785,1970-01-01,11:48:50.68,42530679762915,,770,770,770,770,770,760,760,760,0,"4,891302",103
786,1970-01-01,11:48:50.78,42530779720410,,770,770,770,770,770,760,770,760,0,"4,891302",103
787,1970-01-01,11:48:50.88,42530879770180,,770,760,770,770,770,760,760,760,0,"4,891302",102
788,1970-01-01,11:48:50.98,42530979756325,,770,760,770,770,770,760,770,760,0,"4,891302",103
789,1970-01-01,11:48:51.08,42531079712210,,770,770,770,770,770,760,760,760,0,"4,891302",103
790,1970-01-01,11:48:51.18,42531179712685,,770,760,770,770,770,770,770,760,0,"4,891302",103
791,1970-01-01,11:48:51.28,42531279717960,,770,760,770,770,770,770,770,760,0,"4,891302",103
792,1970-01-01,11:48:51.38,42531379712845,,770,760,770,770,770,760,760,760,0,"4,891302",102
793,1970-01-01,11:48:51.48,42531479712645,,770,760,770,770,770,760,770,760,0,"4,891302",103
794,1970-01-01,11:48:51.58,42531579724540,,770,770,770,770,770,760,770,760,0,"4,891302",102
795,1970-01-01,11:48:51.68,42531679715985,,770,770,770,770,770,770,770,760,0,"4,891302",103
796,1970-01-01,11:48:51.78,42531779783250,,770,770,770,770,770,760,760,760,0,"4,891302",103
797,1970-01-01,11:48:51.88,42531879769620,,770,760,770,770,770,770,760,760,0,"4,891302",103
798,1970-01-01,11:48:51.98,42531979733405,,770,760,770,770,770,760,760,760,0,"4,891302",103
799,1970-01-01,11:48:52.08,42532079776210,,770,770,770,770,770,760,770,760,0,"4,891302",103
800,1970-01-01,11:48:52.18,42532179731425,,770,760,770,770,770,760,770,760,0,"4,891302",102
801,1970-01-01,11:48:52.28,42532279769770,,770,760,770,770,770,770,770,760,0,"4,891302",102
802,1970-01-01,11:48:52.38,42532379762465,,770,760,770,770,770,760,770,760,0,"4,891302",104
803,1970-01-01,11:48:52.48,42532479718775,,770,760,770,770,770,770,760,760,0,"4,891302",103
804,1970-01-01,11:48:52.58,42532579737265,,770,770,770,770,770,760,770,760,0,"4,891302",103
805,1970-01-01,11:48:52.68,42532679721180,,770,770,770,770,770,770,770,760,0,"4,891302",103
806,1970-01-01,11:48:52.78,42532779720905,,770,760,770,770,770,770,770,760,0,"4,891302",102
807,1970-01-01,11:48:52.88,42532879712375,,770,760,770,770,770,760,760,760,0,"4,891302",103
808,1970-01-01,11:48:52.98,42532979721215,,770,770,770,770,770,760,770,760,0,"4,891302",103
809,1970-01-01,11:48:53.08,42533079718545,,770,770,770,770,770,770,760,760,0,"4,891302",103
810,1970-01-01,11:48:53.18,42533179711985,,770,760,770,770,770,760,770,760,0,"4,891302",103
811,1970-01-01,11:48:53.28,42533279765085,,770,760,770,770,770,760,770,760,0,"4,891302",103
812,1970-01-01,11:48:53.38,42533379724845,,770,770,770,770,770,760,770,760,0,"4,891302",103
813,1970-01-01,11:48:53.48,42533479767535,,770,770,770,770,770,760,760,760,0,"4,891302",103
814,1970-01-01,11:48:53.58,42533579754280,,770,770,770,770,770,770,770,760,0,"4,891302",103
815,1970-01-01,11:48:53.68,42533679751865,,770,770,770,770,770,770,760,760,0,"4,891302",103
816,1970-01-01,11:48:53.78,42533779761050,,770,770,770,770,770,760,770,760,0,"4,891302",103
817,1970-01-01,11:48:53.88,42533879771105,,770,760,770,770,770,760,770,760,0,"4,891302",103
818,1970-01-01,11:48:53.98,42533979726160,,770,770,770,770,770,760,770,760,0,"4,891302",102
819,1970-01-01,11:48:54.08,42534079775255,,770,760,770,770,770,770,770,760,0,"4,891302",103
820,1970-01-01,11:48:54.18,42534179716555,,770,770,770,770,770,760,760,760,0,"4,891302",103
821,1970-01-01,11:48:54.28,42534279712765,,770,760,770,770,770,760,770,760,0,"4,891302",102
822,1970-01-01,11:48:54.38,42534379712825,,770,760,770,770,770,760,770,760,0,"4,891302",103
823,1970-01-01,11:48:54.48,42534479717560,,770,760,770,770,770,760,770,760,0,"4,891302",103
824,1970-01-01,11:48:54.58,42534579722535,,770,770,770,770,770,770,760,760,0,"4,891302",103
825,1970-01-01,11:48:54.68,42534679718665,,770,770,770,770,770,760,770,760,0,"4,891302",103
826,1970-01-01,11:48:54.78,42534779771325,,770,770,770,770,770,760,770,760,0,"4,891302",103
827,1970-01-01,11:48:54.88,42534879721410,,770,770,770,770,770,760,770,760,0,"4,891302",102
828,1970-01-01,11:48:54.98,42534979767865,,770,770,770,770,770,760,760,760,0,"4,891302",102
829,1970-01-01,11:48:55.08,42535079756590,,770,770,770,770,770,760,760,760,0,"4,891302",103
830,1970-01-01,11:48:55.18,42535179734280,,770,760,770,770,770,770,770,760,0,"4,891302",103
831,1970-01-01,11:48:55.28,42535279772665,,770,760,770,770,770,760,770,760,0,"4,891302",103
832,1970-01-01,11:48:55.38,42535379728390,,770,760,770,770,770,760,760,760,0,"4,891302",103
833,1970-01-01,11:48:55.48,42535479757130,,770,760,770,770,770,760,770,760,0,"4,891302",103
834,1970-01-01,11:48:55.58,42535579764160,,770,770,770,770,770,770,770,760,0,"4,891302",103
835,1970-01-01,11:48:55.68,42535679738800,,770,760,770,770,770,770,770,760,0,"4,891302",103
836,1970-01-01,11:48:55.78,42535779775150,,770,760,770,770,770,760,770,760,"0,815217","4,076085",103
837,1970-01-01,11:48:55.88,42535879714665,,770,770,770,770,770,770,770,760,"9,782604","4,076085",103
838,1970-01-01,11:48:55.98,42535979709395,,770,770,770,770,770,760,760,760,"57,880407","4,076085",103
839,1970-01-01,11:48:56.08,42536079723120,,770,770,770,770,770,760,770,760,"123,097767","4,076085",103
840,1970-01-01,11:48:56.18,42536179714785,,770,770,770,770,770,760,770,760,"199,728165","4,076085",103
841,1970-01-01,11:48:56.28,42536279724745,,770,760,770,770,770,760,770,760,"209,510769","4,891302",103
842,1970-01-01,11:48:56.38,42536379737890,,770,770,770,770,770,770,770,760,"209,510769","4,891302",103
843,1970-01-01,11:48:56.48,42536479757075,,770,760,770,770,770,760,770,760,"209,510769","4,891302",104
844,1970-01-01,11:48:56.58,42536579778040,,770,760,770,770,770,760,760,760,"210,325986","4,891302",103
845,1970-01-01,11:48:56.68,42536679733105,,770,770,770,770,770,760,770,760,"209,510769","4,891302",103
846,1970-01-01,11:48:56.78,42536779761885,,770,760,770,770,770,760,770,760,"209,510769","4,076085",103
847,1970-01-01,11:48:56.88,42536879728010,,770,760,770,770,770,760,760,760,"209,510769","4,891302",103
848,1970-01-01,11:48:56.98,42536979770550,,770,770,770,770,770,760,770,760,"209,510769","4,891302",102
849,1970-01-01,11:48:57.08,42537079762685,,770,770,770,770,770,760,770,760,"209,510769","4,076085",103
850,1970-01-01,11:48:57.18,42537179791945,,770,760,770,770,770,760,770,760,"209,510769","4,076085",102
851,1970-01-01,11:48:57.28,42537279714650,,770,770,770,770,770,760,770,760,"210,325986","4,076085",103
852,1970-01-01,11:48:57.38,42537379721445,,770,760,770,770,770,760,770,760,"209,510769","4,076085",102
853,1970-01-01,11:48:57.48,42537479715360,,770,760,770,770,770,760,760,760,"210,325986","4,891302",103
854,1970-01-01,11:48:57.58,42537579716900,,770,760,770,770,770,760,770,760,"209,510769","4,076085",103
855,1970-01-01,11:48:57.68,42537679718575,,770,770,770,770,770,760,770,760,"179,34774","4,076085",103
856,1970-01-01,11:48:57.78,42537779767300,,770,760,770,770,770,760,770,760,"131,249937","4,076085",103
857,1970-01-01,11:48:57.88,42537879751090,,770,770,770,770,770,760,770,760,"97,010823","4,076085",103
858,1970-01-01,11:48:57.98,42537979783330,,770,770,770,770,770,760,770,760,"80,706483","4,076085",103
859,1970-01-01,11:48:58.08,42538079731945,,770,770,770,770,770,770,770,760,"72,554313","4,076085",103
860,1970-01-01,11:48:58.18,42538179769495,,770,770,770,770,770,770,770,760,"67,663011","4,076085",103
861,1970-01-01,11:48:58.28,42538279728560,,770,770,770,770,770,760,770,760,"63,586926","4,076085",103
862,1970-01-01,11:48:58.38,42538379773035,,770,770,770,770,770,770,770,760,"61,141275","4,076085",103
863,1970-01-01,11:48:58.48,42538479756585,,770,770,770,770,770,770,770,760,"59,510841","4,076085",103
864,1970-01-01,11:48:58.58,42538579734680,,770,770,770,770,770,770,770,760,"57,06519","4,076085",103
865,1970-01-01,11:48:58.68,42538679735450,,770,770,770,770,770,770,770,760,"56,249973","4,076085",103
866,1970-01-01,11:48:58.78,42538779709035,,770,770,770,770,770,760,770,770,"54,619539","4,076085",103
867,1970-01-01,11:48:58.88,42538879768750,,770,770,770,770,770,770,770,760,"53,804322","4,076085",104
868,1970-01-01,11:48:58.98,42538979712615,,770,770,770,770,770,770,770,760,"53,804322","4,076085",103
869,1970-01-01,11:48:59.08,42539079713550,,770,770,770,770,770,770,770,760,"52,989105","4,076085",103
870,1970-01-01,11:48:59.18,42539179714210,,770,770,770,770,770,770,770,760,"52,989105","4,076085",102
871,1970-01-01,11:48:59.28,42539279716255,,770,770,770,770,770,770,770,760,"52,989105","4,076085",103
872,1970-01-01,11:48:59.38,42539379736340,,770,770,770,770,770,770,770,760,"52,173888","4,076085",103
873,1970-01-01,11:48:59.48,42539479770300,,770,770,770,770,770,770,770,760,"52,173888","4,076085",103
874,1970-01-01,11:48:59.58,42539579731625,,770,770,770,770,770,770,770,760,"52,173888","4,076085",103
875,1970-01-01,11:48:59.68,42539679767285,,770,770,770,770,770,770,770,760,"52,173888","4,076085",104
876,1970-01-01,11:48:59.78,42539779773375,,770,770,770,770,770,770,770,760,"52,173888","4,076085",102
877,1970-01-01,11:48:59.88,42539879763800,,770,770,770,770,770,770,770,760,"52,173888","4,076085",103
878,1970-01-01,11:48:59.98,42539979773400,,770,770,770,770,770,770,770,760,"52,173888","4,076085",103
879,1970-01-01,11:49:00.08,42540079764825,,770,770,770,770,770,770,770,760,"51,358671","4,076085",103
880,1970-01-01,11:49:00.18,42540179723365,,770,770,770,770,770,770,770,760,"51,358671","4,076085",103
881,1970-01-01,11:49:00.28,42540279726530,,770,770,770,770,770,770,770,760,"51,358671","4,076085",102
882,1970-01-01,11:49:00.38,42540379717825,,770,770,770,770,770,770,770,770,"51,358671","4,076085",102
883,1970-01-01,11:49:00.48,42540479712710,,770,770,770,770,770,770,770,760,"51,358671","4,076085",102
884,1970-01-01,11:49:00.58,42540579711760,,770,770,770,770,770,770,770,770,"51,358671","4,076085",103
885,1970-01-01,11:49:00.68,42540679722650,,770,770,770,770,770,770,770,760,"51,358671","4,076085",102
886,1970-01-01,11:49:00.78,42540779714415,,770,770,770,770,770,770,770,770,"51,358671","4,076085",102
887,1970-01-01,11:49:00.88,42540879715010,,770,770,770,770,770,770,770,770,"51,358671","4,076085",102
888,1970-01-01,11:49:00.98,42540979751415,,770,770,770,770,770,770,770,770,"51,358671","4,076085",103
889,1970-01-01,11:49:01.08,42541079760925,,770,770,770,770,770,770,770,770,"50,543454","4,076085",103
890,1970-01-01,11:49:01.18,42541179728375,,770,770,770,770,770,770,770,770,"50,543454","4,076085",103
891,1970-01-01,11:49:01.28,42541279773165,,770,770,770,770,770,770,770,770,"50,543454","4,076085",102
892,1970-01-01,11:49:01.38,42541379760875,,770,770,770,770,770,770,770,770,"50,543454","4,076085",103
893,1970-01-01,11:49:01.48,42541479735470,,770,770,770,770,770,770,770,770,"50,543454","4,076085",103
894,1970-01-01,11:49:01.58,42541579768460,,770,770,770,770,770,770,770,770,"50,543454","4,076085",103
895,1970-01-01,11:49:01.68,42541679760955,,770,770,770,770,770,770,770,770,"50,543454","4,076085",103
896,1970-01-01,11:49:01.78,42541779778120,,770,770,770,770,770,770,770,770,"50,543454","4,076085",103
897,1970-01-01,11:49:01.88,42541879727505,,770,770,770,770,770,770,770,770,"50,543454","4,076085",103
898,1970-01-01,11:49:01.98,42541979728005,,770,770,770,770,770,770,770,770,"50,543454","4,076085",103
899,1970-01-01,11:49:02.08,42542079728895,,770,770,770,770,770,770,770,770,"50,543454","4,076085",102
900,1970-01-01,11:49:02.18,42542179724735,,770,770,770,770,770,770,770,770,"50,543454","4,076085",103
901,1970-01-01,11:49:02.28,42542279717575,,770,770,770,770,770,770,770,770,"50,543454","4,076085",103
902,1970-01-01,11:49:02.38,42542379728405,,770,770,770,770,770,770,770,770,"50,543454","4,076085",103
903,1970-01-01,11:49:02.48,42542479762225,,770,770,770,770,770,770,770,770,"50,543454","4,076085",103
904,1970-01-01,11:49:02.58,42542579762620,,770,770,770,770,770,770,770,770,"50,543454","4,076085",104
905,1970-01-01,11:49:02.68,42542679729905,,770,770,770,770,770,770,770,770,"50,543454","4,076085",103
906,1970-01-01,11:49:02.78,42542779764765,,770,770,770,770,770,770,770,770,"50,543454","4,076085",103
907,1970-01-01,11:49:02.88,42542879763805,,770,770,770,770,770,770,770,770,"50,543454","4,076085",103
908,1970-01-01,11:49:02.98,42542979750480,,770,770,770,770,770,770,770,770,"50,543454","4,076085",103
909,1970-01-01,11:49:03.08,42543079769930,,770,770,770,770,770,770,770,770,"50,543454","4,076085",103
910,1970-01-01,11:49:03.18,42543179757535,,770,770,770,770,770,770,770,770,"50,543454","4,076085",103
911,1970-01-01,11:49:03.28,42543279768205,,770,770,770,770,770,770,770,770,"50,543454","4,076085",103
912,1970-01-01,11:49:03.38,42543379781990,,770,770,770,770,770,770,770,770,"50,543454","4,076085",103
913,1970-01-01,11:49:03.48,42543479727500,,770,770,770,770,770,770,770,770,"50,543454","4,076085",103
914,1970-01-01,11:49:03.58,42543579722675,,770,770,770,770,770,770,770,770,"50,543454","4,076085",102
915,1970-01-01,11:49:03.68,42543679716905,,770,770,770,770,770,770,770,770,"49,728237","4,076085",103
916,1970-01-01,11:49:03.78,42543779724690,,770,770,770,770,770,770,770,770,"49,728237","4,076085",102
917,1970-01-01,11:49:03.88,42543879748360,,770,770,770,770,770,770,770,770,"49,728237","4,076085",103
918,1970-01-01,11:49:03.98,42543979771255,,770,770,770,770,770,770,770,770,"49,728237","4,076085",103
919,1970-01-01,11:49:04.08,42544079724490,,770,770,770,770,770,770,770,770,"49,728237","4,076085",103
920,1970-01-01,11:49:04.18,42544179768495,,770,770,770,770,770,770,770,770,"49,728237","4,076085",103
921,1970-01-01,11:49:04.28,42544279761430,,770,770,770,770,770,770,770,770,"49,728237","4,076085",103
922,1970-01-01,11:49:04.38,42544379773590,,770,770,770,770,770,770,770,770,"49,728237","4,076085",103
923,1970-01-01,11:49:04.48,42544479773300,,770,770,770,780,770,770,770,770,"49,728237","4,076085",102
924,1970-01-01,11:49:04.58,42544579735120,,770,770,770,780,770,770,770,770,"49,728237","4,076085",103
925,1970-01-01,11:49:04.68,42544679771005,,770,770,770,770,770,770,770,770,"49,728237","4,076085",103
926,1970-01-01,11:49:04.78,42544779756185,,770,770,770,780,770,770,770,770,"49,728237","4,076085",103
927,1970-01-01,11:49:04.88,42544879728605,,770,770,770,780,770,770,770,770,"49,728237","4,076085",103
928,1970-01-01,11:49:04.98,42544979712610,,770,770,770,780,770,770,770,770,"49,728237","4,076085",103
929,1970-01-01,11:49:05.08,42545079717455,,770,770,770,780,770,770,770,770,"49,728237","4,076085",103
930,1970-01-01,11:49:05.18,42545179714970,,770,770,770,780,770,770,770,770,"49,728237","4,076085",102
931,1970-01-01,11:49:05.28,42545279770075,,770,770,770,780,770,770,770,770,"49,728237","4,076085",103
932,1970-01-01,11:49:05.38,42545379720885,,770,770,770,780,770,770,770,770,"49,728237","4,076085",103
933,1970-01-01,11:49:05.48,42545479712765,,770,770,770,780,770,770,770,770,"49,728237","4,076085",103
934,1970-01-01,11:49:05.58,42545579741275,,770,770,770,780,770,770,770,770,"49,728237","4,076085",103
935,1970-01-01,11:49:05.68,42545679766330,,770,770,780,780,770,770,770,770,"49,728237","4,076085",102
936,1970-01-01,11:49:05.78,42545779729965,,770,770,770,780,770,770,770,770,"49,728237","4,076085",103
937,1970-01-01,11:49:05.88,42545879722075,,770,770,780,780,770,770,770,770,"49,728237","4,076085",103
938,1970-01-01,11:49:05.98,42545979767280,,770,770,770,780,770,770,770,770,"49,728237","4,076085",102
939,1970-01-01,11:49:06.08,42546079726210,,770,770,770,780,770,770,770,770,"49,728237","4,076085",103
940,1970-01-01,11:49:06.18,42546179753330,,770,770,780,780,770,770,770,770,"49,728237","4,076085",102
941,1970-01-01,11:49:06.28,42546279774235,,770,770,780,780,770,770,770,770,"49,728237","4,076085",102
942,1970-01-01,11:49:06.38,42546379720880,,770,770,780,780,770,770,770,770,"49,728237","4,076085",102
943,1970-01-01,11:49:06.48,42546479711205,,770,770,770,780,770,770,770,770,"49,728237","4,076085",103
944,1970-01-01,11:49:06.58,42546579714010,,770,770,780,780,770,770,770,770,"49,728237","4,076085",102
945,1970-01-01,11:49:06.68,42546679721125,,770,770,780,780,770,770,770,770,"49,728237","4,076085",103
946,1970-01-01,11:49:06.78,42546779711225,,770,770,780,780,770,770,770,770,"49,728237","4,076085",102
947,1970-01-01,11:49:06.88,42546879772775,,770,770,780,780,770,770,770,770,"49,728237","4,076085",102
948,1970-01-01,11:49:06.98,42546979716120,,770,770,780,780,770,770,770,770,"49,728237","4,076085",102
949,1970-01-01,11:49:07.08,42547079768565,,770,770,780,780,770,770,770,770,"49,728237","4,076085",102
950,1970-01-01,11:49:07.18,42547179751790,,770,770,780,780,770,770,770,770,"49,728237","4,076085",103
951,1970-01-01,11:49:07.28,42547279776655,,770,770,780,780,770,770,770,770,"49,728237","4,076085",103
952,1970-01-01,11:49:07.38,42547379723210,,770,770,780,780,770,770,770,770,"49,728237","4,076085",103
953,1970-01-01,11:49:07.48,42547479734015,,770,770,780,780,770,770,770,770,"49,728237","4,076085",103
954,1970-01-01,11:49:07.58,42547579766325,,770,770,780,780,770,770,770,770,"49,728237","4,076085",103
955,1970-01-01,11:49:07.68,42547679779315,,780,770,780,780,770,770,770,770,"48,91302","4,076085",103
956,1970-01-01,11:49:07.78,42547779724065,,770,770,780,780,770,770,770,770,"48,91302","4,076085",103
957,1970-01-01,11:49:07.88,42547879754975,,780,770,780,780,770,770,770,770,"48,91302","4,076085",103
958,1970-01-01,11:49:07.98,42547979783600,,780,770,780,780,770,770,770,770,"48,91302","4,076085",103
959,1970-01-01,11:49:08.08,42548079719575,,780,770,780,780,770,770,770,770,"48,91302","4,076085",103
960,1970-01-01,11:49:08.18,42548179715395,,780,770,780,780,770,770,770,770,"48,91302","4,076085",103
961,1970-01-01,11:49:08.28,42548279716920,,780,770,780,780,770,770,770,770,"48,91302","4,076085",103
962,1970-01-01,11:49:08.38,42548379718740,,780,770,780,780,770,770,770,770,"48,91302","4,076085",103
963,1970-01-01,11:49:08.48,42548479732465,,770,770,780,780,770,770,770,770,"48,91302","4,076085",103
964,1970-01-01,11:49:08.58,42548579721685,,780,770,780,780,770,770,770,770,"48,91302","4,076085",103
965,1970-01-01,11:49:08.68,42548679737205,,780,770,780,780,770,770,770,770,"48,91302","4,076085",103
966,1970-01-01,11:49:08.78,42548779766060,,780,770,780,780,770,770,770,770,"48,91302","4,076085",104
967,1970-01-01,11:49:08.88,42548879726820,,780,770,780,780,770,770,770,770,"48,91302","4,076085",102
968,1970-01-01,11:49:08.98,42548979767425,,780,780,780,780,770,770,770,770,"48,91302","4,076085",103
969,1970-01-01,11:49:09.08,42549079764995,,780,770,780,780,770,770,770,770,"48,91302","4,076085",103
970,1970-01-01,11:49:09.18,42549179716105,,780,770,780,780,770,780,770,770,"48,91302","4,076085",103
971,1970-01-01,11:49:09.28,42549279791810,,780,780,780,780,770,770,770,770,"48,91302","4,076085",103
972,1970-01-01,11:49:09.38,42549379724730,,780,770,780,780,770,770,770,770,"48,91302","4,076085",104
973,1970-01-01,11:49:09.48,42549479753570,,780,780,780,780,770,770,770,770,"48,91302","4,076085",103
974,1970-01-01,11:49:09.58,42549579715015,,780,780,780,780,780,780,770,770,"48,91302","4,076085",103
975,1970-01-01,11:49:09.68,42549679720860,,780,780,780,780,770,770,770,770,"48,91302","4,076085",103
976,1970-01-01,11:49:09.78,42549779706140,,780,780,780,780,780,780,770,770,"48,91302","4,076085",102
977,1970-01-01,11:49:09.88,42549879755645,,780,780,780,780,770,780,770,770,"48,91302","4,076085",103
978,1970-01-01,11:49:09.98,42549979720990,,780,780,780,780,780,770,770,770,"48,91302","4,076085",102
979,1970-01-01,11:49:10.08,42550079722055,,780,780,780,780,780,780,780,770,"48,91302","4,076085",102
980,1970-01-01,11:49:10.18,42550179747970,,780,780,780,780,780,780,780,770,"48,91302","4,076085",102
981,1970-01-01,11:49:10.28,42550279735310,,780,780,780,780,780,780,780,770,"48,91302","4,076085",103
982,1970-01-01,11:49:10.38,42550379730200,,780,780,780,780,780,780,780,770,"48,91302","4,076085",103
983,1970-01-01,11:49:10.48,42550479767710,,780,780,780,780,780,780,780,770,"48,91302","4,076085",103
984,1970-01-01,11:49:10.58,42550579764575,,780,780,780,780,780,780,770,770,"48,91302","4,076085",103
985,1970-01-01,11:49:10.68,42550679762280,,780,780,780,780,780,780,780,770,"48,91302","4,076085",103
986,1970-01-01,11:49:10.78,42550779737910,,780,780,780,780,780,780,780,770,"48,91302","4,076085",104
987,1970-01-01,11:49:10.88,42550879772440,,780,780,780,780,780,780,780,770,"48,91302","4,076085",103
988,1970-01-01,11:49:10.98,42550979774125,,780,780,780,780,780,780,780,770,"48,91302","4,076085",103
989,1970-01-01,11:49:11.08,42551079734190,,780,780,780,780,780,780,780,770,"48,91302","4,076085",103
990,1970-01-01,11:49:11.18,42551179768950,,780,780,780,780,780,780,780,770,"48,91302","4,076085",103
991,1970-01-01,11:49:11.28,42551279728345,,780,780,780,780,780,780,780,770,"48,91302","4,076085",104
992,1970-01-01,11:49:11.38,42551379719455,,780,780,780,780,780,780,780,770,"48,91302","4,076085",104
993,1970-01-01,11:49:11.48,42551479724850,,780,780,780,780,780,780,780,770,"48,91302","4,076085",104
994,1970-01-01,11:49:11.58,42551579716190,,780,780,780,780,780,780,780,770,"48,91302","4,076085",103
995,1970-01-01,11:49:11.68,42551679758315,,780,780,780,780,780,780,780,770,"48,91302","4,076085",103
996,1970-01-01,11:49:11.78,42551779760935,,780,780,780,780,780,780,780,770,"48,91302","4,076085",103
997,1970-01-01,11:49:11.88,42551879749750,,780,780,780,780,780,780,780,780,"48,91302","4,076085",103
998,1970-01-01,11:49:11.98,42551979764890,,780,780,780,780,780,780,780,780,"48,097803","4,076085",103
999,1970-01-01,11:49:12.08,42552079733135,,780,780,780,780,780,780,780,780,"48,097803","4,076085",103
1000,1970-01-01,11:49:12.18,42552179771835,,780,780,780,780,780,780,780,780,"48,91302","4,076085",103
1001,1970-01-01,11:49:12.28,42552279755300,,780,780,780,780,780,780,780,780,"48,097803","4,076085",103
1002,1970-01-01,11:49:12.38,42552379736295,,780,780,780,780,780,780,780,780,"48,097803","4,076085",103
1003,1970-01-01,11:49:12.48,42552479766260,,780,780,780,780,780,780,780,780,"48,097803","4,076085",103
1004,1970-01-01,11:49:12.58,42552579750215,,780,780,780,780,780,780,780,780,"48,097803","4,076085",103
1005,1970-01-01,11:49:12.68,42552679728565,,780,780,780,780,780,780,780,780,"48,097803","4,076085",103
1006,1970-01-01,11:49:12.78,42552779712415,,780,780,780,780,780,780,780,780,"48,097803","4,076085",104
1007,1970-01-01,11:49:12.88,42552879722950,,780,780,780,780,780,780,780,780,"48,097803","4,076085",103
1008,1970-01-01,11:49:12.98,42552979723785,,780,780,780,780,780,780,780,780,"48,097803","4,076085",103
1009,1970-01-01,11:49:13.08,42553079737505,,780,780,780,780,780,780,780,780,"48,097803","4,076085",102
1010,1970-01-01,11:49:13.18,42553179737950,,780,780,780,780,780,780,780,780,"48,097803","4,076085",103
1011,1970-01-01,11:49:13.28,42553279746450,,780,780,780,780,780,780,780,780,"48,097803","4,076085",103
1012,1970-01-01,11:49:13.38,42553379724445,,780,780,780,780,780,780,780,780,"48,097803","4,076085",103
1013,1970-01-01,11:49:13.48,42553479774335,,780,780,780,780,780,780,780,780,"48,097803","4,076085",103
1014,1970-01-01,11:49:13.58,42553579758150,,780,780,780,780,780,780,780,780,"48,097803","4,076085",103
1015,1970-01-01,11:49:13.68,42553679757530,,780,780,780,780,780,780,780,780,"48,097803","4,076085",103
1016,1970-01-01,11:49:13.78,42553779731820,,780,780,780,780,780,780,780,780,"48,097803","4,076085",104
1017,1970-01-01,11:49:13.88,42553879766550,,780,780,780,780,780,780,780,780,"48,097803","4,076085",103
1018,1970-01-01,11:49:13.98,42553979763725,,780,780,780,780,780,780,780,780,"48,097803","4,076085",103
1019,1970-01-01,11:49:14.08,42554079727870,,780,780,780,780,780,780,780,780,"48,097803","4,076085",103
1020,1970-01-01,11:49:14.18,42554179708520,,780,780,780,780,780,780,780,780,"48,097803","4,076085",103
1021,1970-01-01,11:49:14.28,42554279710220,,780,780,780,780,780,780,780,780,"48,097803","4,076085",103
1022,1970-01-01,11:49:14.38,42554379709690,,780,780,780,780,780,780,780,780,"48,097803","4,076085",103
1023,1970-01-01,11:49:14.48,42554479716580,,780,780,780,780,780,780,780,780,"48,097803","4,076085",103
1024,1970-01-01,11:49:14.58,42554579711605,,780,780,780,780,780,780,780,780,"48,097803","4,076085",103
1025,1970-01-01,11:49:14.68,42554679717035,,780,780,780,780,780,780,780,780,"48,097803","4,076085",103
1026,1970-01-01,11:49:14.78,42554779766905,,780,780,780,780,780,780,780,780,"48,097803","4,076085",103
1027,1970-01-01,11:49:14.88,42554879712925,,780,780,780,780,780,780,780,780,"48,097803","4,076085",103
1028,1970-01-01,11:49:14.98,42554979762420,,780,780,780,780,780,780,780,780,"48,097803","4,076085",103
1029,1970-01-01,11:49:15.08,42555079767480,,780,780,780,780,780,780,780,780,"48,097803","4,076085",103
1030,1970-01-01,11:49:15.18,42555179771970,,780,780,780,780,780,780,780,780,"48,097803","4,076085",103
1031,1970-01-01,11:49:15.28,42555279771385,,780,780,780,780,780,780,780,780,"48,097803","4,076085",103
1032,1970-01-01,11:49:15.38,42555379777245,,780,780,780,780,780,780,780,780,"48,097803","4,076085",103
1033,1970-01-01,11:49:15.48,42555479753330,,780,780,780,780,780,780,780,780,"48,097803","4,076085",103
1034,1970-01-01,11:49:15.58,42555579725745,,780,780,780,780,780,780,780,780,"48,097803","4,076085",103
1035,1970-01-01,11:49:15.68,42555679772485,,780,780,780,780,780,780,780,780,"48,097803","4,076085",103
1036,1970-01-01,11:49:15.78,42555779718735,,780,780,780,780,780,780,780,780,"48,097803","4,076085",103
1037,1970-01-01,11:49:15.88,42555879708250,,780,780,780,780,780,780,780,780,"48,097803","4,076085",102
1038,1970-01-01,11:49:15.98,42555979717525,,780,780,780,780,780,780,780,780,"48,097803","4,076085",103
1039,1970-01-01,11:49:16.08,42556079770255,,780,780,780,780,780,780,780,780,"48,097803","4,076085",103
1040,1970-01-01,11:49:16.18,42556179719535,,780,780,780,780,780,780,780,780,"48,097803","4,076085",103
1041,1970-01-01,11:49:16.28,42556279721980,,780,780,780,780,780,780,780,780,"47,282586","4,076085",103
1042,1970-01-01,11:49:16.38,42556379718605,,780,780,780,780,780,780,780,780,"47,282586","4,076085",103
1043,1970-01-01,11:49:16.48,42556479771370,,780,780,780,780,780,780,780,780,"48,097803","4,076085",103
1044,1970-01-01,11:49:16.58,42556579765445,,780,780,780,780,780,780,780,780,"47,282586","4,076085",103
1045,1970-01-01,11:49:16.68,42556679725555,,780,780,780,790,780,780,780,780,"48,097803","4,076085",103
1046,1970-01-01,11:49:16.78,42556779731510,,780,780,780,780,780,780,780,780,"47,282586","4,076085",103
1047,1970-01-01,11:49:16.88,42556879773090,,780,780,780,790,780,780,780,780,"47,282586","4,076085",102
1048,1970-01-01,11:49:16.98,42556979770115,,780,780,780,790,780,780,780,780,"48,097803","4,076085",103
1049,1970-01-01,11:49:17.08,42557079729475,,780,780,780,790,780,780,780,780,"47,282586","4,076085",103
1050,1970-01-01,11:49:17.18,42557179736715,,780,780,780,790,780,780,780,780,"48,097803","4,076085",103
